3512 5324
869 321 911 330 -
951 290 1066 350 16...

324 507 370 564 οξ.
387 490 500 568 eodem
523 493 612 559 fonte
643 498 782 566 fluxisse.
831 499 934 571 Quem
958 497 1095 564 Bionem
1119 499 1264 564 redolere
1288 501 1429 565 Ricardo
1454 489 1620 582 Heinze¹)'

324 580 490 659 assentior.
537 583 567 646 N
569 606 604 648 eo
625 607 701 664 voro
718 589 931 658 dubitandum
956 595 1013 668 est,
1039 590 1229 674 quinetiam
1247 591 1340 654 multi
1355 591 1410 674 ulii
1426 590 1625 674 philosophi,3

323 687 382 730 neo
407 691 471 734 non
495 673 626 755 satirici,
650 678 702 739 cui
725 698 783 741 sua
806 677 999 742 Plutnrohus
1023 679 1140 742 debere
1175 679 1312 762 videtur,
1343 679 1519 744 sententias
1542 702 1608 744 non

321 776 442 859 paucas
465 763 684 850 repetiverint.
731 767 853 839 Quare
876 768 973 833 facile
996 767 1066 831 fieri
1086 769 1201 854 potuit,
1227 776 1262 833 ut
1284 769 1427 833 Bioneae
1450 768 1609 853 reliquiae

321 865 354 908 m
374 845 543 915 luvenalis
568 875 696 938 quoque
720 878 851 945 cermen
873 864 1087 946 penetrarent.
1105 894 1146 902 -
1165 858 1301 942 Quando
1327 859 1455 942 quidem
1473 859 1608 944 paulum

320 936 553 1024 oberravimus,
577 950 613 1007 ut
636 943 890 1028 enuclearemus,
915 941 970 1031 qui
987 969 1126 1011 conexus
1150 941 1332 1012 essetinte'r
1355 949 1438 1012 hano
1463 954 1608 1012 saturem

322 1047 568 1116 sermonemque
585 1032 817 1109 Plutareheum
839 1058 903 1100 non
927 1037 1040 1100 inutile
1064 1058 1134 1101 esse
1158 1038 1238 1100 mihi
1260 1037 1387 1101 videtur
1411 1037 1508 1102 etiam
1524 1039 1627 1102 'tumr

321 1116 385 1180 fine
410 1121 522 1205 eapitis
547 1123 651 1196 ottnvi
675 1147 746 1189 eam
771 1131 899 1190 saturae
922 1123 1078 1210 partem2)
1103 1147 1304 1210 componere,
1333 1127 1367 1190 in
1392 1134 1625 1212 quatempus

322 1216 488 1291 peractum
511 1211 670 1278 laudatur.
718 1215 781 1286 Qui
798 1236 973 1280 consensus
989 1215 1068 1278 mihi
1084 1222 1132 1279 est
1156 1216 1390 1298 testimouiunr‚.
1410 1217 1494 1300 quod
1512 1217 1626 1280 docet·

321 1296 360 1376 in
378 1298 532 1378 eiusmodi
542 1323 547 1358 ι
557 1303 825 1387 disputationibus
848 1305 978 1369 laudem
1001 1307 1161 1369 maiorum
1197 1325 1262 1370 non
1295 1306 1390 1370 modo
1421 1305 1524 1391 poetis
1548 1306 1606 1370 sed

322 1386 417 1458 etiam
441 1390 640 1477 philosophis
669 1393 776 1458 looum
809 1395 901 1479 quasi
935 1416 1138 1458 communem
1158 1393 1302 1474 fuissem
1322 1456 1325 1463 ,
1347 1395 1465 1460 Restat
1484 1397 1627 1472 uiuos.

320 1497 470 1542 moneam
516 1483 683 1567 utriusque
728 1485 884 1548 sermonis
931 1485 1075 1570 epilogos
1094 1525 1098 1532 .
1119 1506 1270 1548 summm
1291 1485 1546 1568 temperantiae
1573 1493 1624 1568 et,

320 1566 542 1654 philosophiae
565 1572 661 1636 leudo
685 1572 828 1661 absolui..¹
872 1654 874 1658 ι

853 1839 1065 1854 .....-.,,.......-

937 2069 977 2132 V.

777 2211 841 2290 De
868 2212 1138 2312 temperantia
1254 2199 1256 2205 ’
1372 2195 1381 2314 J

316 2391 514 2458 quao'paene
526 2395 703 2460 numquam
719 2396 782 2439 non
801 2374 965 2439 confertur
981 2395 1055 2438 eum
1071 2375 1208 2452 avaritia
1224 2375 1405 2440 tritissimas
1421 2377 1604 2442 sententias

316 2469 436 2532 noster.
447 2463 569 2548 profert
594 2467 644 2528 14.
659 2481 711 2534 316
725 2494 767 2548 sq.

395 2601 396 2604 ’
445 2598 448 2602 ”
544 2633 575 2650 ..
601 2601 754 2653 mensuro
778 2593 884 2653 toneeu
906 2607 988 2669 quoe

342 2675 345 2691 '
487 2676 627 2759 sufficiat
649 2696 767 2759 ueneris,
791 2678 820 2742 si
843 2678 915 2760 quis
937 2698 984 2741 mo
1006 2677 1162 2756 consolat,
1189 2678 1300 2742 edom:

374 2779 376 2786 ’
489 2767 526 2832 in
551 2771 709 2848 pilonium
731 2767 801 2832 sitis
824 2771 917 2848 otqoe
938 2765 1040 2848 fomes
1062 2769 1090 2831 et
1109 2765 1238 2850 fripora
1256 2771 1402 2848 poscunt,
1425 2834 1430 2844 ,

490 2859 659 2938 pilonium,
682 2856 831 2938 Epicuro,
856 2854 913 2921 tibi
934 2856 1046 2937 porois
1067 2851 1193 2936 suffecit
1215 2856 1252 2920 in
1276 2855 1386 2940 hortis,

487 2948 646 3026 quantum
669 2945 821 3018 Socratici
841 2948 991 3028 oeperunt
1013 2947 1086 3009 ante
1107 2948 1246 3026 penates.
1364 2964 1365 2968 ’

420 3070 610 3153 oi.14.181·;
633 3071 662 3133 3.
677 3085 741 3154 22&
764 3070 830 3138 56,
869 3067 975 3150 Quom
1004 3070 1166 3133 sollemnis
1194 3070 1274 3134 haee
1303 3071 1462 3134 sententia
1489 3070 1599 3152 fuerit,

312 3158 496 3224 Wendland
513 3161 621 3223 multis
639 3159 792 3244 exemplis
809 3158 1042 3230 monstrante)
1059 3160 1099 3223 of.
1118 3159 1191 3223 Son.
1210 3181 1259 3243 ep.
1276 3162 1348 3223 119.
1361 3178 1386 3230 7,
1408 3159 1597 3242 ,Ar-parom

312 3245 414 3333 hahet,
437 3249 495 3330 qui
518 3252 645 3313 tontum
661 3247 836 3332 populosi,
860 3267 927 3312 non
944 3248 1052 3328 esurit,
1076 3268 1144 3313 non
1159 3246 1246 3312 sitit’.
1274 3296 1383 3312 .....
1405 3249 1595 3330 Numquam

305 3357 430 3419 parum
467 3341 520 3418 est,
559 3338 643 3419 quod
678 3337 756 3402 satis
793 3342 838 3402 est
880 3335 979 3422 eqs.⁵)
1046 3337 1091 3401 Ut
1132 3337 1279 3402 hominos
1322 3339 1367 3402 eis
1410 3345 1592 3417 vescantur,

311 3448 394 3510 quae
410 3429 442 3492 in
460 3429 547 3512 agris
571 3427 735 3512 hortisque
756 3434 912 3508 crescant,
934 3449 998 3494 non
1016 3428 1110 3492 modo
1127 3427 1323 3513 Pythagorei
1338 3433 1395 3491 aut
1409 3427 1559 3513 Epicurei
1567 3428 1597 3510 ⁶)

311 3517 367 3580 sed
384 3517 481 3580 otiam
497 3517 551 3582 alii
568 3517 748 3603 philosophi
764 3517 937 3601 postulant.
962 3516 1094 3601 Epicuri
1110 3518 1229 3581 hortuli
1245 3517 1418 3585 laudantur
1434 3539 1454 3580 a
1470 3517 1609 3582 Seneca·

310 3627 359 3690 ep.
378 3609 429 3670 21.
447 3622 486 3678 10.
532 3606 775 3688 Non-irritant,
800 3606 917 3688 inquii,
941 3604 976 3670 hi
1001 3605 1121 3671 hortuli
1144 3605 1273 3688 famem,
1302 3605 1353 3670 sed
1373 3606 1589 3691 eustiupmmt.

310 3695 375 3760 Neo
397 3695 549 3760 maiorem
572 3695 651 3778 ipsis
672 3695 855 3777 potionibus
877 3695 962 3760 sitim
985 3695 1122 3778 fuciunt,
1154 3696 1206 3760 sed
1229 3693 1380 3760 nutrienti
1401 3699 1430 3759 et
1444 3696 1598 3780 ¹protm'to

377 3933 380 3941 .
412 3889 444 3964 1)
464 3889 501 3945 de
520 3888 588 3945 Hor.
607 3889 637 3948 B.
657 3889 707 3945 im.
728 3891 761 3945 18
781 3904 823 3959 sq.

415 3963 441 4024 2)
463 3965 503 4015 14.
514 3977 627 4021 161-189.
1463 4023 1465 4028 ,

415 4034 442 4098 3)
461 4032 676 4101 Juv.3.³11sq.‚
696 4033 853 4100 ll·77-1'19-‚
872 4034 937 4089 855.
975 4031 1010 4089 ef.
1025 4031 1081 4087 Cio.
1095 4047 1156 4101 por.
1170 4032 1217 4098 503
1236 4029 1300 4087 Son.
1314 4031 1352 4086 ad
1371 4032 1453 4087 Helv.
1469 4031 1528 4090 ion
1547 4046 1596 4100 sq..

307 4105 373 4161 ben.
387 4104 421 4160 Il.
441 4107 466 4158 6.
476 4119 497 4162 2.
535 4102 638 4168 (Varro
651 4103 725 4158 Men.
744 4103 778 4163 fr,
792 4103 844 4158 495
858 4117 900 4172 sq.
914 4103 966 4157 524
980 4119 1022 4172 sq.
1061 4103 1095 4158 of.
1110 4103 1142 4159 R.
1156 4102 1259 4171 Weiss,
1280 4103 1427 4158 vindiciae
1439 4103 1589 4158 iuvenali-

307 4191 389 4244 anae‚
409 4175 491 4231 Halis
511 4176 579 4229 1884
598 4191 626 4244 p.
647 4177 678 4229 13
698 4173 761 4244 sq).
799 4174 835 4229 ci.
854 4173 1019 4242 Praeohter,
1039 4175 1115 4229 Hier.
1136 4174 1163 4230 d.
1183 4173 1223 4230 St.
1242 4192 1269 4245 p.
1289 4176 1323 4229 39
1342 4189 1385 4243 sq.

377 4282 385 4306 2
414 4247 441 4313 4)
462 4243 634 4313 Wendland,
651 4245 736 4300 Philo
748 4247 810 4301 und
824 4245 871 4300 (lie
884 4245 953 4314 kyn.
968 4246 1096 4301 stoische
1110 4246 1241 4301 Distrihe
1261 4244 1407 4314 (Beitriige
1421 4245 1596 4300 zurGesnh..

308 4315 465 4388 dsgrieoh.
484 4316 593 4374 Philos.
612 4332 640 4371 u.
660 4316 792 4386 Religion
814 4332 871 4372 von
891 4317 1054 4372 Wendland
1073 4333 1101 4372 u.
1121 4317 1198 4372 Korn
1220 4317 1298 4384 1895)
1317 4333 1345 4386 p.
1362 4317 1393 4370 10
1404 4345 1436 4383 sq.
1603 4335 1609 4346 ·

413 4391 441 4456 5)
462 4390 497 4446 ci.
516 4387 580 4444 Seu.
599 4393 726 4458 ep.4.10,
745 4389 791 4444 ad.
810 4389 892 4444 Helv.
913 4391 952 4443 10.
964 4407 983 4454 o,
1004 4392 1039 4445 tr.
1057 4403 1102 4444 an.
1122 4391 1146 4444 9.
1161 4405 1180 4444 2.
1208 4388 1280 4443 Xon.
1298 4402 1383 4442 mem.
1402 4387 1422 4442 l.
1441 4389 1465 4442 3.
1476 4404 1495 4446 s.
1528 4386 1595 4442 Tel.

305 4477 333 4532 p.
347 4459 402 4528 rh,
416 4463 458 4517 30.
470 4478 501 4519 12.
524 4459 596 4515 Mus.
611 4474 656 4529 ap.
671 4459 711 4516 St.
724 4463 790 4517 4419
806 4461 851 4527 (Η.
865 4476 891 4530 p.
903 4463 963 4515 751.
979 4460 1023 4527 12.)
1042 4459 1117 4515 Phil.
1131 4460 1182 4514 vit.
1197 4461 1271 4514 oont.
1286 4463 1303 4513 4
1316 4457 1362 4528 (ΙΙ.
1376 4458 1449 4524 477.)
1469 4456 1544 4514 Plut.
1558 4458 1594 4513 d.

306 4532 370 4589 coh.
383 4533 418 4587 ir.
434 4535 465 4588 13
484 4548 511 4601 p.
524 4535 586 4586 461.
695 4532 721 4597 6)
742 4532 777 4586 ci.
792 4531 869 4587 Stob.
883 4531 912 4587 fl.
929 4535 1007 4594 itas.
1026 4531 1071 4598 (H.
1085 4548 1112 4600 p.
1127 4534 1186 4586 501.
1202 4531 1247 4596 12.)
1267 4530 1301 4586 D.
1316 4529 1344 4585 L.
1357 4530 1390 4586 X.
1408 4533 1457 4587 130
1472 4558 1503 4597 sq.
