3508 5302
841 335 1039 398 ..88-

297 553 406 612 tamen
441 546 528 610 aliud
563 547 610 610 illi
644 547 841 630 spectabant.
894 546 978 610 Nam
1013 547 1156 610 rhetores
1193 548 1366 612 censebant
1401 550 1588 614 oraticnem

298 637 476 700 ornandam
500 657 570 700 esse
593 637 671 700 locis
695 635 928 718 communibus,
951 656 1086 717 quorum
1106 637 1228 718 parlim
1252 637 1368 702 babeul
1387 639 1538 703 uitiorum
1554 645 1590 704 et

293 729 492 808 peccalorum
508 745 609 791 acrem
627 725 792 806 qaauclaui
807 745 878 789 cuia
894 723 1139 806 amplificatione
1154 727 1385 791 iaciuatioaeai
1400 732 1458 792 aul
1473 749 1588 809 urrere-

298 814 373 896 lara,
397 818 508 880 coulra
531 833 629 895 quam
652 814 715 879 dici
731 812 818 878 uibil
833 813 918 888 solet,
941 817 978 878 ul
992 813 1030 880 iu
1046 815 1300 895 depeculatorem,
1325 817 1362 880 iu
1375 817 1586 899 proditorem,

297 906 335 969 iu
353 904 557 986 parricidam
582 952 588 966 .
615 951 623 966 .
649 953 655 966 .
682 953 688 966 .
719 903 755 967 de
778 903 894 967 uirtute
916 901 1012 986 euim,
1041 903 1154 987 inquit,
1179 905 1216 967 de
1238 903 1349 985 officio,
1374 906 1411 969 de
1433 925 1531 988 aequo
1553 913 1589 972 et

296 992 388 1075 bauo,
413 993 449 1058 de
473 992 636 1077 diquilale,
660 991 807 1073 ulilitate,
832 991 961 1072 houore,
985 993 1176 1077 iyuomiuia,
1196 990 1349 1074 praemio,
1367 1015 1473 1076 poena
1492 996 1586 1060 ciari-

296 1081 440 1163 libasque
472 1082 509 1146 ale
543 1080 634 1146 relius
668 1081 706 1146 ia
740 1085 908 1162 utramque
938 1085 1062 1163 partem
1097 1081 1223 1146 dicendi
1256 1082 1382 1147 culmos
1409 1087 1437 1148 el
1467 1085 1533 1148 uim*
1554 1090 1588 1150 et

297 1174 397 1237 ariera
421 1170 533 1236 babere
555 1169 744 1249 debemue.¹)
785 1170 840 1248 (cf.
866 1170 974 1242 Quint.
997 1170 1074 1234 XII.
1099 1173 1209 1250 1-2.)
1257 1171 1361 1242 Quam
1385 1173 1425 1236 cb
1451 1195 1585 1238 causam

298 1261 395 1324 etiam
424 1260 567 1324 rhetores
595 1260 673 1323 talia
701 1260 861 1323 interdum
891 1262 1092 1339 exercebant,
1124 1266 1159 1324 ut
1185 1261 1318 1324 iuvenes
1349 1262 1519 1342 discerent,
1555 1265 1587 1328 si

297 1372 378 1434 opus
403 1356 496 1431 esset,
521 1350 618 1412 etiam
642 1350 681 1412 de
705 1349 755 1412 his
779 1351 875 1413 rebus
898 1349 981 1413 bene
1006 1350 1122 1412 dicere.
1165 1350 1272 1434 Atque
1297 1350 1393 1414 etiam
1419 1352 1585 1436 perfectus

297 1440 351 1502 ille
384 1445 501 1521 crater,
536 1459 632 1521 quem
665 1436 884 1519 Quintilianus
917 1445 949 1502 et
981 1437 1094 1503 Oicero
1127 1438 1321 1520 describunt,
1356 1440 1585 1526 philosophiae

298 1528 405 1592 studet
426 1550 491 1592 uon
514 1528 736 1611 philosophiae
760 1529 860 1612 ipsius
884 1549 992 1607 cansa,
1022 1529 1077 1592 sed
1104 1527 1188 1608 ideo,
1218 1530 1303 1612 quod
1328 1549 1422 1594 nemo
1446 1533 1507 1595 nisi
1532 1533 1586 1596 vir

296 1618 401 1682 bonus
429 1617 556 1682 dicendi
583 1617 705 1701 peritus
734 1615 816 1698 sit.²)
863 1615 1040 1702 Propterea
1063 1619 1267 1700 quaestiones
1291 1619 1429 1683 morales
1454 1642 1585 1706 semper

295 1707 330 1771 in
357 1708 648 1792 progymnasmatis
676 1728 759 1790 quae
788 1707 937 1770 dicuntur
965 1728 984 1770 a
1013 1707 1194 1771 rhetoribus
1227 1704 1481 1793 numei·antur.³)
1529 1710 1585 1775 Ab

297 1797 545 1861 adulescentulis
579 1802 611 1859 et
642 1796 916 1880 praeceptoribus,
951 1797 1006 1880 qui
1039 1796 1242 1879 eloquentiae
1276 1819 1374 1861 causa
1406 1799 1455 1862 his
1489 1821 1584 1864 exer-

297 1887 501 1950 citationibus
526 1906 658 1969 operam
681 1886 854 1964 navabant,
878 1886 973 1949 valde
989 1887 1011 1949 ii
1028 1885 1189 1967 differunt,
1215 1887 1269 1970 qui
1286 1888 1326 1951 cb
1343 1888 1466 1951 nullam
1484 1890 1584 1953 aliam

296 1997 426 2040 causam
452 1977 490 2039 de
514 1976 657 2039 moribus
681 1976 848 2059 disputant
872 1976 933 2038 nisi
957 1975 997 2038 ad
1020 1975 1187 2039 hominum
1211 1975 1289 2040 vitia
1314 1977 1501 2060 castiganda
1525 1985 1585 2043 aut

296 2068 421 2130 animos
438 2063 689 2148 corrigendos.4)
719 2064 864 2136 Quorum
881 2065 1120 2129 dissertationes
1137 2066 1234 2128 etiam
1250 2067 1353 2150 magis
1370 2067 1410 2130 ab
1428 2068 1584 2131 orationi-

295 2155 357 2218 bus
395 2155 649 2239 distinguuntur,
699 2175 779 2237 quas
821 2153 966 2218 rhetores
1009 2155 1191 2218 ostentandi
1235 2176 1331 2219 causa
1376 2157 1408 2218 in
1451 2158 1583 2240 publico

296 2244 530 2308 declamabant.
564 2241 701 2327 Semper
721 2264 779 2307 eae
795 2244 1044 2307 declamationes
1062 2251 1117 2308 ant
1134 2244 1173 2307 ad
1190 2265 1303 2308 causas
1320 2251 1352 2308 et
1367 2267 1418 2308 res
1434 2247 1584 2330 publicas

295 2334 500 2419 pertinebant
516 2332 627 2396 autad
643 2333 810 2396 hominurn
826 2333 1024 2416 deorumque
1040 2333 1161 2398 laudes.
1171 2331 1196 2414 ⁵)
1220 2333 1356 2398 Moralia
1368 2356 1387 2397 a
1399 2335 1584 2400 rhetoribus

296 2445 355 2508 per
378 2445 412 2486 se
435 2444 499 2486 non
525 2421 738 2507 disputantur,
763 2444 960 2506 quamquam
984 2424 1151 2486 occasione
1176 2424 1283 2487 oblata
1307 2425 1339 2487 in
1362 2424 1524 2488 luxuriam
1550 2433 1585 2489 et

274 2513 489 2598 pravitatem
512 2511 680 2575 hominurn
703 2511 943 2585 invehuntur.⁶t
990 2511 1126 2576 Fabiani
1148 2513 1259 2593 verba,
1291 2535 1373 2597 quae
1398 2521 1523 2578 exstant
1547 2516 1584 2578 in

296 2609 440 2667 controv.
489 2601 562 2664 Sen.
581 2600 623 2664 Π.
645 2605 673 2663 l.
691 2616 802 2681 10-13,
828 2602 925 2665 etiam
943 2600 1106 2665 simillima
1128 2608 1202 2665 sunt
1218 2602 1419 2666 sermonibus
1438 2603 1584 2667 Senecae

296 2692 354 2756 filii
371 2697 402 2754 et
419 2690 595 2754 luvenalis.
633 2690 697 2754 Sed
713 2690 766 2753 ille
783 2690 947 2754 Fabianus
967 2691 1175 2775 philosophus
1197 2700 1274 2771 erat,
1299 2693 1354 2776 qui
1378 2690 1583 2774 eloquentiae

297 2777 449 2842 eludebat
472 2799 539 2842 acu
563 2776 765 2859 eloquentiae
790 2777 936 2861 causali

402 2869 548 2954 Apparet
570 2869 669 2951 igitur
693 2875 800 2932 tamen
824 2890 981 2933 conexum
1002 2869 1164 2953 quendam
1181 2870 1363 2934 rhetoribus
1380 2871 1582 2935 intercedere

296 2980 370 3022 cum
393 2958 602 3043 philosophis.
648 2957 733 3022 Nam
757 2980 830 3023 cuni
853 2959 909 3022 illa
931 2964 1036 3022 aetate
1055 2960 1156 3023 multa
1177 2959 1356 3023 eruditione
1381 2966 1413 3023 et
1436 2960 1584 3024 doctrina

297 3049 338 3112 ad
361 3047 654 3132 philosophandum
677 3069 742 3111 uon
766 3069 846 3132 opus
870 3053 955 3112 esset
978 3054 1010 3111 et
1033 3069 1111 3112 sana
1127 3069 1218 3112 mens
1235 3048 1408 3130 sufficeret,
1433 3049 1582 3114 accidere

296 3143 432 3223 poterat,
467 3144 502 3200 ut
531 3137 623 3200 multi
654 3137 820 3200 scientiam
851 3137 1073 3222 philosophiae
1103 3139 1299 3202 mediocrem
1327 3139 1387 3202 scli
1414 3140 1582 3203 rhetorum

297 3227 425 3292 scholae
442 3226 606 3290 deberent.
642 3223 800 3309 Cumque,
822 3225 966 3312 quisquis
987 3227 1100 3290 litteris
1116 3249 1151 3290 se
1169 3227 1317 3305 dedebat,
1338 3229 1400 3292 arti
1421 3229 1582 3293 oratoriae

296 3316 480 3397 studuisset,
509 3315 581 3378 fieri
609 3336 674 3379 non
701 3316 814 3399 potuit,
845 3317 921 3400 quin
951 3317 1048 3380 etiarn
1072 3315 1104 3397 ii,
1134 3317 1189 3400 qui
1217 3318 1258 3381 ad
1285 3316 1521 3402 philosophiam
1545 3340 1582 3382 se

296 3406 517 3486 conferebant,
541 3405 655 3469 iisdem
679 3404 800 3478 formis,
826 3428 906 3489 quas
928 3405 980 3468 hic
997 3406 1185 3486 didicerant,
1210 3427 1307 3490 saepe
1323 3411 1498 3472 uterentur.
1538 3407 1583 3471 Et

297 3503 399 3577 eraut,
423 3496 477 3579 qui
501 3495 597 3580 pallio
616 3494 884 3580 philosophorum
909 3495 1014 3559 vestiti
1038 3495 1202 3560 rhetorum
1226 3497 1474 3562 consuetudines
1498 3497 1581 3561 adeo

295 3638 510 3646 ————

406 3726 431 3790 l)
451 3725 517 3808 Oia.⁸
528 3725 564 3780 de
583 3739 623 3780 cr.
638 3725 684 3780 Ill.
702 3727 750 3780 106
765 3740 806 3795 sq.
827 3725 863 3781 cl.
883 3742 910 3808 u.
930 3725 1041 3809 Arnim,
1060 3725 1124 3781 Dic.
1143 3725 1235 3809 uPr.
1259 3729 1307 3780 107
1322 3740 1381 3795 sqq.
1438 3797 1443 3807 Ι
1557 3797 1562 3808 Ι

363 3867 369 3879 ι
405 3796 434 3863 2)
453 3796 681 3880 Deliberandum
702 3799 832 3879 estcum
846 3795 1059 3863 Quintilianum
1078 3799 1139 3880 tum
1155 3797 1323 3880 Ciceronem
1342 3812 1378 3852 ex
1393 3796 1582 3866 plnlcsophis

296 3867 956 4006 {sitatibus<arassetis-,uu
970 3868 1581 4008 raihtaba-ua?strabursia

297 4012 336 4066 At
354 4009 967 4138 philosophkplpdicnqcathmDissqpqoralia
987 4011 1071 4081 quasi
1089 4011 1202 4074 θετικῶς
1221 4011 1395 4066 tractabant.

403 4083 434 4218 ii
451 4096 489 4208 if.
507 4152 538 4236 Ε.
555 4097 682 4279 thlbegr,
693 4125 1057 4280 Stui'iipi'iiissi’dffl‘
1077 4153 1230 4279 t-Hqupn
1250 4153 1581 4279 lpviterlrhetoresthas

296 4238 575 4384 taceatur
589 4239 777 4378 allatii
792 4225 984 4365 illiti-llll
1001 4238 1178 4379 tillut:
1222 4243 1260 4280 ‘⁶
1289 4241 1340 4293 ‘'A‘'
1367 4242 1501 4280 “mm
1527 4243 1581 4293 m

296 4365 1462 4508 mitat)gbtlllshillhlttn³llpt‘ta'alltlt.stlattl’oem‘um
1482 4366 1580 4422 dela·

403 4509 431 4572 6)
452 4509 577 4575 Norden,
597 4511 656 4563 ant.
676 4509 859 4580 Kuustprcsa
872 4509 885 4564 Ι
899 4512 960 4564 iio.

404 4581 432 4645 7)
453 4580 517 4636 Seu.
538 4583 628 4636 contr.
643 4580 669 4634 ll
689 4596 731 4650 pr.
746 4584 769 4636 5.
