3508 5302
811 355 1011 416 „52-

271 565 448 650 vituperari
471 565 542 649 quis
565 565 691 629 nescit?
715 565 755 629 cf.
779 565 852 629 Seu.
871 571 992 649 quaest.
1012 571 1076 629 nat.
1093 564 1144 628 Ill
1159 586 1206 649 pr.
1227 567 1256 629 6.
1279 562 1555 643 quemadmodum

271 650 447 716 Hauuibal
467 650 683 734 superiecerit
698 651 800 735 Alpes
809 649 835 733 1)
855 651 1022 731 scribant·
1043 651 1318 734 quemadmodum
1339 649 1554 730 confirmatus

271 740 460 823 Hispaniae
477 740 626 806 cladibus
633 742 661 826 2)
679 741 798 806 bellam
814 739 936 804 Italiae
953 739 1147 823 iuopiaatas
1163 739 1350 824 iatuleiit3)
1371 739 1555 824 fractisque

272 829 400 914 sebast)
430 835 460 894 et
483 834 561 912 post
585 828 818 913 Cartboqiaem
842 829 1006 912 perticas:
1033 851 1124 913 reqes
1149 828 1406 914 pererratam)
1438 831 1556 895 dacem

267 918 475 1004 promittam,
500 918 683 983 euercitum
702 924 837 1002 petens·
861 919 1137 1001 quemadmodum
1160 941 1226 983 aaa
1247 917 1382 996 desierit
1403 918 1555 984 omuibus

273 1007 406 1092 dapalis
430 1008 551 1072 bellum
573 1029 675 1073 seuero
698 1029 871 1091 quaerere:
895 1008 974 1073 adeo
998 1007 1070 1072 siue
1088 1007 1206 1090 patria
1222 1007 1299 1091 pati
1314 1012 1457 1091 poterat,
1481 1008 1554 1073 siue

272 1097 360 1162 boste
395 1119 461 1162 uou
493 1102 633 1180 poterat.
682 1098 839 1164 Senecam
873 1101 926 1163 hic
955 1099 1089 1184 aliisque
1117 1099 1228 1178 locis⁶)
1257 1101 1298 1164 ob
1329 1100 1408 1164 alias
1440 1121 1555 1164 causas

272 1189 465 1253 Hannibalis
501 1190 696 1254 mentionem
731 1190 839 1253 facere
874 1211 925 1252 me
953 1211 1018 1253 non
1046 1189 1171 1254 fefellit.
1215 1188 1283 1254 Nec
1310 1210 1387 1253 vero
1416 1191 1553 1254 multum

272 1279 305 1342 id
328 1285 438 1343 nostra
460 1280 610 1359 interest3
638 1281 745 1344 minus
773 1279 859 1343 enim
882 1284 1062 1342 monstrare
1090 1280 1163 1343 volo
1188 1279 1394 1364 philosophos
1423 1280 1555 1344 easdem

272 1389 324 1432 res
352 1373 525 1433 tractantes
553 1369 668 1432 iisdem
696 1367 851 1454 exemplis
879 1369 996 1452 quibus
1024 1367 1216 1432 «Iuvenalem
1249 1390 1324 1432 usos
1357 1389 1427 1432 esse
1456 1391 1554 1453 quam

273 1458 403 1522 omnino
427 1479 538 1522 eorum
561 1459 661 1522 fuisse
683 1458 779 1542 longe
803 1458 998 1522 clarissimos
1021 1457 1106 1521 viros
1135 1463 1191 1522 aut
1216 1457 1390 1522 imitandos
1418 1464 1474 1521 aut
1500 1459 1556 1522 de-

273 1547 453 1631 spiciendos
470 1549 586 1612 animis
609 1569 722 1611 eorum
746 1547 801 1631 qui
816 1548 928 1630 legunt
943 1568 1133 1632 proponere.
1171 1546 1285 1630 ltaque
1301 1554 1555 1612 consentaneum

273 1643 321 1700 est
352 1636 527 1701 Alexandri
563 1637 749 1701 aviditatem
784 1637 906 1720 gloriae
935 1658 954 1699 a
980 1637 1178 1722 philosophis
1203 1638 1391 1701 saevissime
1422 1639 1519 1721 carpi.
1529 1637 1555 1718 ⁷)

272 1725 313 1790 cl.
338 1727 412 1790 bur.
440 1727 624 1792 168—173.

377 1815 460 1879 Eam
493 1821 599 1880 autem
629 1814 787 1896 Diogenis
816 1815 1031 1878 continentiae
1059 1809 1281 1899 plerumque⁸l
1317 1814 1437 1898 opponi
1472 1816 1555 1879 adeo

273 1910 399 1969 constat
420 1907 505 1969 inter
528 1926 649 1983 omnes,
673 1911 710 1968 ut
732 1926 772 1968 ex
790 1903 882 1968 libris
898 1904 1162 1989 philosophorum
1186 1904 1305 1968 similes
1329 1905 1416 1968 locos
1439 1905 1555 1968 afferre

272 2016 353 2080 opus
376 2015 439 2058 non
465 1996 514 2058 sit.
562 1994 613 2057 Ad
637 1994 722 2057 lianc
750 1999 892 2057 saturam
916 1995 1019 2078 magis
1044 1993 1181 2078 quadrat
1209 1993 1283 2057 Seu.
1310 2014 1359 2089 ep.
1387 1995 1488 2063 119.7
1506 2016 1553 2079 sq.

271 2081 353 2146 Po'st
377 2081 531 2145 Dareum
559 2085 589 2144 et
611 2079 715 2145 Iudos
734 2101 868 2162 pauper
898 2085 946 2144 est
974 2079 1176 2145 Alexander.
1224 2079 1387 2145 Meatior:
1412 2079 1552 2163 qaaerit,

272 2171 358 2252 qaod
392 2191 492 2234 suam
525 2168 638 2252 faeiat,
673 2173 844 2234 serutatur
878 2167 988 2233 maria
1022 2168 1144 2253 iquota
1179 2168 1216 2232 iu
1246 2189 1403 2233 oceauum
1432 2169 1553 2235 classes

273 2281 374 2325 aooas
389 2259 492 2324 mittit
508 2264 540 2323 et
560 2258 645 2341 ipsa,
666 2257 769 2323 atita
785 2257 902 2340 dicam,
921 2257 1040 2322 maadi
1057 2260 1204 2323 claustra
1216 2257 1417 2341 perrumpit.
1459 2259 1554 2338 Quod

272 2353 414 2414 naturae
438 2348 521 2414 satis
545 2353 602 2430 est,
627 2347 752 2413 homiui
776 2369 842 2412 aou
866 2352 928 2411 est:
956 2346 1110 2412 maeatas
1139 2353 1195 2429 est,
1226 2347 1284 2430 qui
1312 2347 1556 2430 concupisceret

274 2437 401 2520 aliquid
420 2443 498 2521 post
521 2436 655 2503 oniuia.
682 2488 689 2501 .
716 2487 722 2498 .
750 2488 755 2500 .
781 2435 849 2500 Ide
872 2437 965 2502 iiiodo
990 2437 1143 2520 iquobiiis
1167 2436 1283 2520 auquli
1307 2437 1460 2501 acrisiae
1482 2457 1555 2503 ooa-

273 2526 432 2592 trooersia
460 2527 614 2592 domiuus
643 2531 726 2590 tacto
754 2525 820 2605 due
845 2531 1012 2590 terraram
1031 2547 1094 2608 per
1117 2547 1217 2590 suum
1245 2525 1417 2590 rediturus
1446 2526 1555 2591 orbem

273 2616 379 2682 tristis
403 2621 459 2681 est.
507 2620 548 2684 cf.
572 2641 602 2681 v.
632 2619 703 2682 168.

510 2742 603 2808 Uuus
626 2741 757 2807 Pellaeo
781 2739 894 2804 iaoeui
917 2762 982 2805 riou
1006 2739 1132 2820 sooffieit
1156 2739 1252 2822 orbis,

510 2835 639 2895 aestuat
663 2828 786 2912 iufebioe
811 2834 948 2912 auqusto
974 2829 1076 2894 limite
1100 2829 1219 2894 muudi
1243 2839 1301 2896 cto.

273 2959 382 3023 Vitam
395 2960 463 3023 eius
476 2981 540 3023 non
554 2959 622 3023 sine
635 2965 760 3022 maesta
771 2965 803 3021 et
813 2958 941 3022 tristitia
951 2958 1050 3022 fuisse
1062 2959 1186 3022 Seneca
1196 2959 1306 3022 scribit
1321 2980 1372 3042 ep.
1388 2959 1459 3022 113.
1474 2957 1555 3040 aad)

273 3048 494 3113 Alexandrum
528 3049 569 3112 ad
608 3048 729 3112 inferos
767 3048 950 3111 venientem
984 3048 1149 3132 Diogenes
1183 3049 1218 3111 in
1252 3048 1388 3111 Luciani
1426 3049 1554 3134 dialogo

274 3144 472 3202 mortuorum
507 3138 631 3201 decimo
666 3137 760 3201 tertio
794 3137 918 3222 recipit,
953 3158 1027 3202 cum
1062 3138 1148 3201 dicat
1172 3159 1245 3201 eum
1273 3143 1437 3201 mortuum
1473 3138 1554 3202 nihil

272 3229 400 3292 differre
418 3228 458 3291 ab
479 3228 551 3291 aliis
567 3227 761 3291 hominibus.
803 3225 841 3289 Τί
861 3237 960 3305 τοῦτο,
979 3228 1004 3289 ὡ
1021 3225 1226 3311 Ἀλέξανδρε,
1252 3229 1308 3290 καὶ
1330 3230 1369 3290 σὺ
1389 3227 1556 3310 τέθνηκας

273 3320 329 3381 uod
353 3320 462 3402 ὥσπερ
487 3319 544 3380 καὶ
567 3317 658 3402 ἡμεῖς
683 3319 834 3392 ἅπαντες;

318 3442 356 3507 cf.
383 3442 458 3506 Juv.
483 3465 512 3505 v.
543 3443 604 3505 172
628 3437 828 3521 sareopbaqo
854 3442 1024 3502 coatcutus
1044 3437 1115 3503 erit.
1162 3438 1256 3503 Mors
1279 3437 1349 3503 soba
1372 3437 1507 3520 fatetur,

314 3549 317 3556 ’
625 3527 789 3610 quoatula
812 3525 879 3591 siut
904 3526 1074 3592 homiuum
1097 3527 1302 3610 corpuscula.

379 3638 547 3703 Postremo
585 3637 740 3716 Xerxis
780 3637 865 3721 regis
903 3636 1087 3718 Persarum,
1133 3637 1341 3701 ambitionem
1380 3636 1555 3721 opprobrat

272 3749 323 3790 vv.
351 3729 536 3793 173—187.
585 3726 685 3791 Cuius
708 3726 911 3811 Hellesponti
935 3728 1086 3814 traiectus
1111 3734 1142 3790 et
1166 3727 1263 3790 maris
1288 3727 1455 3810 castigatio
1480 3747 1553 3789 curn

273 3817 344 3881 aliis
367 3824 435 3881 tum
459 3817 657 3902 philosophis
682 3837 809 3900 semper
833 3822 1023 3899 argumento
1047 3823 1125 3894 erat,
1151 3823 1304 3900 quantam
1323 3817 1356 3879 in
1377 3816 1553 3901 perniciem

273 3907 424 3992 superbia
448 3908 569 3971 caecati
584 3907 731 3971 homines
746 3907 956 3970 incurrerent.
966 3903 1005 3986 ¹⁰)
1045 3905 1085 3968 cf.
1112 3904 1186 3969 Seu.
1211 3906 1250 3969 de
1274 3907 1338 3970 otio
1354 3905 1428 3974 42:
1454 3901 1553 3983 Quid,

273 3999 310 4057 tu
340 3998 445 4076 putas
481 3999 561 4077 tum,
598 4014 673 4058 eum
707 3991 847 4058 stolidus
882 3989 938 4054 ide
966 4013 1028 4055 rea
1054 3991 1269 4056 multitudiue
1299 3992 1439 4056 telorum
1467 3990 1554 4055 diem

380 4174 407 4238 1)
427 4190 453 4227 v.
476 4175 533 4228 152.
642 4174 670 4240 2)
691 4172 727 4228 of.
747 4187 774 4226 V.
796 4173 855 4225 151.
964 4169 992 4236 3)
1015 4173 1072 4226 154.
1181 4172 1212 4235 4)
1235 4173 1293 4226 159.
1403 4171 1430 4236 b)
1452 4173 1510 4226 161.

381 4245 408 4307 6)
429 4244 510 4300 dcir
531 4246 567 4300 ΙΙ.
588 4249 652 4314 2,5;
673 4247 788 4313 deep.
809 4245 915 4298 51.5.7.
953 4241 995 4310 (Q.
1016 4241 1049 4297 N.
1070 4243 1102 4298 V.
1124 4243 1212 4309 lbi).

381 4315 409 4382 7)
429 4316 465 4372 cf.
494 4315 600 4384 Hirzel‚
628 4316 701 4372 Dial.
728 4314 751 4369 ll
777 4329 804 4384 p.
831 4317 864 4370 75
879 4322 900 4364 3.
938 4311 1027 4368 Porro
1055 4314 1091 4369 de
1120 4313 1280 4370 Alexandri
1308 4312 1556 4369 obtrectatoribus

274 4388 417 4444 nonnulla
437 4387 577 4444 disseruit
596 4388 744 4444 Schwartz
764 4385 855 4452 (Paul.
875 4381 959 4441 Wiss.
978 4384 1017 4440 IV
1040 4387 1107 4442 1880
1126 4385 1188 4455 sq).

380 4461 407 4521 8)
427 4460 463 4521 of.
485 4465 524 4516 14.
535 4468 642 4510 311-314
662 4459 738 4526 (Seu.
757 4457 822 4513 ben.
842 4458 874 4512 V.
894 4463 921 4516 4.
937 4465 962 4524 43
982 4457 1046 4523 61).

381 4532 408 4597 9)
429 4531 463 4587 of.
485 4532 521 4587 de
540 4532 605 4587 ben.
626 4531 677 4586 VIl
697 4535 749 4584 25
769 4544 810 4598 sq.
832 4547 858 4599 q.
878 4547 906 4586 n.
928 4528 958 4583 V.
975 4531 1065 4595 18.10;
1086 4544 1130 4598 ep.
1150 4529 1191 4582 94.
1203 4535 1229 4578 aa
1248 4543 1289 4597 sq.
1310 4529 1349 4592 (v.
1363 4526 1423 4582 ind.
1437 4526 1555 4593 Haase).

366 4603 408 4670 10)
429 4602 464 4658 cs.
485 4603 515 4666 Ε,
535 4603 647 4668 Weber,
667 4601 743 4657 stud.
766 4600 839 4670 lips.
859 4601 893 4658 X.
912 4619 939 4673 p.
961 4602 1003 4670 94,
1013 4605 1056 4655 96.
