3508 5302
857 321 1053 384 -100-

315 535 453 620 planitas
473 535 620 598 efficitur.
662 535 705 598 At
724 534 885 598 interdum
907 535 1120 619 paralactious
1137 536 1214 598 ordo
1237 536 1477 615 sententiarum,
1499 558 1600 620 quem

315 625 445 708 quidem
479 646 590 688 omnes
621 630 734 708 poetae
768 646 806 687 ex
837 625 972 709 Vergilii
1003 625 1200 708 temporibus
1229 625 1369 709 periodis
1396 625 1602 708 longioribus

316 713 558 798 anteponuntll,
588 713 715 776 dicendi
743 714 901 777 rationem
931 715 1120 778 concitatam
1150 715 1264 777 reddit.
1313 714 1394 779 Oum
1418 716 1599 779 secundum

315 805 445 887 regulas
462 804 690 887 grammaticas
707 803 758 866 vol
777 803 898 886 logicas
916 803 1135 867 subordirratio
1158 805 1335 888 exspectari
1356 805 1465 888 possit,
1488 812 1601 870 noster

315 892 405 956 illum
441 900 538 969 tenet,
576 898 610 955 ut
644 913 747 977 pauca
781 892 914 956 afferam
948 894 1103 978 exempla,
1140 896 1224 973 174,
1253 893 1358 975 13.·9r,
1391 891 1440 956 10.
1455 913 1512 977 147,
1534 913 1599 965 154.

208 992 210 996 '
316 982 417 1047 Porro
450 983 617 1046 collocatio
641 981 824 1062 verborum,
857 1003 939 1066 quae
964 1005 983 1046 a
1006 984 1148 1066 priorum
1180 989 1346 1066 poctarum
1371 982 1501 1047 licentia
1530 1006 1600 1048 non

316 1072 394 1135 nihil
424 1072 568 1152 discedit,
599 1071 766 1154 vulgarem
797 1092 977 1135 sermonem
1009 1069 1133 1156 sapit.²)
1180 1071 1320 1135 Omnino
1350 1070 1527 1153 luvenalis,
1561 1081 1602 1137 ut

315 1162 407 1226 decet
443 1162 616 1240 satiricum,
657 1161 833 1224 orationem
869 1181 1000 1244 perraro
1036 1163 1076 1225 ad
1112 1160 1249 1224 sublime
1288 1167 1455 1245 poetarum
1494 1184 1601 1247 genus

315 1251 442 1315 dicendi
467 1250 697 1328 accommodat,
722 1255 757 1314 ut
781 1251 919 1334 suspicio
944 1250 1065 1314 oriatur
1088 1271 1161 1313 eum
1187 1272 1307 1313 morem
1334 1251 1600 1335 pbilosophorum

315 1341 516 1426 populariter
550 1339 798 1403 declamantium
834 1339 873 1402 de
908 1339 1065 1403 industria
1101 1341 1261 1403 imitatum
1297 1361 1377 1418 esse,
1414 1341 1476 1404 nisi
1513 1341 1600 1406 forte

316 1429 423 1494 nescio
454 1452 533 1513 quas
561 1429 715 1493 diatribas
744 1428 911 1514 exscripsit
939 1437 971 1493 et
999 1429 1160 1492 interdum
1190 1430 1312 1493 auctori
1340 1429 1380 1492 ad
1404 1431 1538 1494 verbum
1562 1453 1600 1495 se

316 1520 500 1605 applicavit.
548 1518 641 1590 Quod
675 1540 712 1583 eo
746 1517 944 1602 probabilius
979 1519 1116 1601 videtur,
1147 1541 1210 1602 quo
1239 1519 1341 1602 magis
1374 1527 1600 1605 computamus

315 1610 470 1687 convicia,
494 1629 577 1692 quae
602 1613 710 1672 noster
734 1607 813 1671 facit
840 1607 879 1670 de
904 1630 1029 1671 morum
1053 1609 1245 1693 corruptela,
1275 1609 1381 1671 minus
1408 1609 1440 1672 in
1465 1609 1597 1674 Tra-iani

316 1705 347 1762 et
370 1699 529 1763 Hadriani
554 1705 699 1782 tempora
723 1719 820 1781 quam
844 1697 875 1760 in
901 1699 1041 1782 priorem
1065 1705 1203 1762 aetatem
1227 1699 1395 1781 quadrare.
1405 1696 1430 1781 3)

422 1786 594 1872 Reliquum
612 1793 670 1867 est,
694 1792 731 1849 ut
748 1786 898 1872 copiam
914 1788 1116 1851 verborum
1134 1788 1367 1872 perquiramus,
1392 1809 1489 1871 quam
1510 1789 1599 1872 apud

315 1883 444 1960 poetam
461 1877 624 1941 satiricum
644 1877 781 1940 maxime
799 1877 992 1941 cotidianam
1010 1877 1109 1940 vitam
1123 1877 1268 1941 redolere
1282 1899 1344 1940 nou
1358 1877 1521 1940 miramur.
1559 1877 1599 1940 Irr

315 1966 513 2052 philosophis
530 1974 638 2030 autem
654 1967 799 2030 diatribis
815 1967 972 2030 vocabula
992 1967 1116 2029 forma
1137 1967 1288 2050 vulgari
1311 1972 1343 2029 et
1363 1966 1599 2049 significatione

315 2076 379 2120 non
403 2057 509 2120 minus
540 2057 656 2119 usitata
687 2077 756 2120 esse
780 2055 940 2119 Hernicus
965 2055 1083 2118 Weber
1114 2055 1286 2138 explicavit
1309 2055 1429 2136 8-12,
1460 2056 1502 2119 34
1526 2078 1598 2140 sqq.

314 2146 362 2209 Ac
379 2146 519 2229 primum
536 2145 699 2231 popularis
715 2145 803 2227 color
818 2145 966 2210 dictionis
983 2145 1233 2209 deminutivis
1250 2145 1464 2226 cognoscitur,
1480 2145 1600 2229 quibus

316 2240 444 2299 saturae
457 2235 624 2299 luvenalis
635 2232 859 2312 redundant.4)
883 2235 1056 2300 Praeterea
1067 2256 1084 2298 e
1095 2256 1243 2298 sermone
1254 2234 1413 2299 cotidiano
1425 2232 1599 2298 Graecae

315 2345 428 2389 voces
461 2331 607 2410 sumptae
639 2332 722 2403 sunt,
754 2345 834 2408 quas
863 2325 901 2388 A.
926 2324 1020 2388 Thi„
1049 2322 1217 2407 collegit.⁵)
1265 2323 1391 2388 Deinde
1422 2325 1601 2408 vulgariter

316 2420 390 2478 sunt
412 2415 552 2478 formata
576 2415 706 2478 nomina
731 2414 831 2477 multa
852 2414 1031 2478 desinentia
1046 2414 1078 2477 in
1103 2436 1206 2494 -osus,
1228 2421 1396 2492 -meutum,
1422 2414 1524 2477 -arius
1545 2417 1601 2478 vel

315 2505 412 2586 orius,
436 2504 536 2585 -bilis,
561 2525 630 2567 ·eus
653 2502 841 2582 -buudusssl,
865 2505 964 2568 verba
987 2504 1147 2567 intensiva
1171 2510 1203 2566 et
1224 2503 1408 2566 irrcobativa
1429 2511 1461 2567 et
1482 2505 1599 2567 transi-

317 2594 382 2658 tiva
407 2593 586 2658 desinentia
609 2593 640 2656 in
666 2613 747 2674 -are,
772 2614 855 2677 quae
880 2594 1005 2658 detorta
1029 2600 1142 2657 sunta
1167 2590 1394 2670 nominibus&
1418 2593 1600 2678 participia,

318 2704 411 2769 quae,
436 2704 509 2746 oum
533 2684 633 2747 verba
656 2683 893 2764 desiderentur,
918 2682 1148 2747 adiectivornm
1171 2683 1257 2746 vices
1281 2683 1447 2746 sustinent.

424 2789 488 2853 Sed
530 2811 603 2853 curn
638 2790 751 2874 lingua
785 2789 900 2854 Latina
934 2789 1102 2854 luvenalis
1141 2795 1246 2853 aetate
1286 2790 1349 2852 alia
1383 2795 1467 2854 esset
1501 2797 1600 2875 atque

234 2879 239 2886 '
316 2877 481 2942 Ciceronis
498 2878 696 2963 temporibus
713 2884 744 2942 et
759 2880 873 2943 eadem
889 2887 944 2943 aut
965 2880 1082 2944 similia
1097 2879 1255 2943 vocabula
1272 2901 1290 2942 a
1305 2879 1446 2962 Vergilio
1464 2879 1600 2963 aliisque

316 2967 419 3052 poetis
443 2975 685 3054 usurparentur,
710 2969 816 3052 potius
840 2991 937 3054 quam
959 2991 998 3032 ex
1019 2969 1124 3034 fornra
1140 2969 1312 3033 verborum
1334 2989 1439 3033 sermo
1456 2969 1601 3052 vulgaris

317 3079 333 3120 e
358 3056 591 3139 significatione
623 3060 835 3142 cognoscitur.
882 3059 1002 3140 Ingens
1033 3059 1118 3142 apud
1147 3058 1339 3122 iuvenalem
1370 3067 1419 3121 est
1445 3079 1600 3122 numerus

318 3147 494 3226 nominum,
525 3169 607 3232 quae
637 3147 799 3231 pertinent
819 3147 868 3210 ad
891 3148 982 3212 varia
1006 3147 1173 3213 hominum
1201 3147 1307 3211 studia
1330 3152 1362 3210 et
1384 3149 1523 3231 negotia,
1558 3149 1601 3211 ad

317 3237 427 3300 luxum
461 3237 595 3301 vestitus
626 3243 658 3300 et
688 3236 906 3321 supellectilis,
930 3239 971 3303 ad
1000 3237 1180 3301 cenandum
1211 3242 1243 3300 et
1265 3236 1485 3300 helluandunr.
1532 3236 1600 3300 Nec

317 3326 384 3388 fieri
407 3326 521 3410 potuit,
544 3327 620 3411 quin
645 3327 724 3390 haec
744 3325 853 3390 omnia
873 3334 968 3412 poeta
990 3349 1047 3392 suo
1069 3327 1198 3390 nomine
1214 3326 1374 3411 proferret
1394 3347 1452 3390 nec
1470 3327 1601 3390 sordida

316 3417 474 3480 vocabula
498 3415 732 3480 reformidaret.
744 3413 772 3498 8)
817 3415 899 3480 Nam

462 3541 620 3622 guiduald
643 3545 746 3625 ayunt
769 3539 920 3624 domines,
944 3545 1059 3620 return,
1085 3537 1191 3623 timor,
1214 3540 1277 3620 ira,
1301 3539 1448 3622 voluptas

459 3631 582 3715 pendia
607 3631 778 3712 discursus,
802 3630 906 3696 nostri
928 3630 1063 3715 farrago
1086 3628 1182 3694 libelli
1205 3633 1256 3694 est.
1300 3631 1327 3692 1.
1342 3647 1384 3701 85·

428 3860 453 3924 1)
474 3858 563 3927 Kroll,
584 3859 635 3914 llb.
656 3874 729 3914 neue
748 3859 849 3914 Jahrb.
873 3858 917 3914 111.
937 3861 980 3916 23.

427 3929 455 3994 2)
475 3930 563 3986 Kiaer
585 3933 688 3986 18-130
707 3930 833 3999 (ra—60,
856 3934 896 3999 19,
916 3933 949 3985 26
969 3931 1044 4000 sqd).
1192 4000 1197 4012 .

425 4003 454 4067 3)
474 4001 619 4057 Nimirum
649 4001 679 4057 id
707 4004 822 4057 tantum
852 4002 880 4057 in
906 4016 1095 4071 personarum
1120 4015 1238 4056 nomrna
1268 4001 1356 4070 cadit,
1384 4017 1448 4056 curn
1478 4002 1601 4070 imperio

318 4072 483 4156 principum
509 4074 635 4143 pristina
664 4088 777 4128 morum
806 4073 961 4143 integritas
989 4089 1046 4130 non
1075 4072 1191 4156 restitui
1219 4076 1326 4142 posset.
1358 4073 1601 4142 (A.Tlr.011rist,

317 4144 390 4200 uber
408 4144 456 4200 dre
476 4144 529 4200 Art
548 4161 575 4200 u.
595 4144 731 4200 Tendens
750 4145 803 4200 der
820 4145 925 4200 iuven.
945 4143 1195 4200 Personenkrrtrk.
1234 4143 1402 4201 Landskrou
1427 4145 1514 4212 1881).

424 4215 453 4353 ii
472 4215 836 4355 dicibiliscgieibiiiblanasd
859 4219 979 4344 illini.
994 4223 1072 4343 iiidl
1114 4287 1150 4343 of.
1166 4286 1254 4342 Kiaer
1273 4289 1323 4342 277
1343 4303 1385 4357 sq.
1402 4287 1601 4357 Rauschning,

319 4359 355 4415 de
375 4358 504 4495 sentiicii.
514 4360 853 4495 iiiiiiiieviiiroerren
867 4446 918 4486 zur
930 4431 1030 4486 latein.
1041 4428 1261 4500 Sprachgesoh,
1276 4429 1455 4487 aelmaer
1470 4432 1502 4494 27
1512 4446 1555 4501 sq.
1566 4430 1600 4487 ΙΙ.

426 4505 453 4562 n
474 4513 511 4557 cr.
529 4501 662 4557 Paucker
681 4502 704 4556 11
725 4505 760 4556 48
780 4518 843 4572 sqq.

425 4575 454 4639 8)
473 4573 509 4629 ci.
529 4573 562 4628 H.
582 4573 687 4629 Weber
704 4577 719 4628 9
739 4589 781 4642 sq.
802 4573 1013 4642 (Waohsmutlr,
1033 4574 1142 4642 sillogr.
1163 4572 1219 4628 Gr.
1240 4572 1293 4635 76).
