3508 5302
842 295 1039 358 ...70-

303 504 522 589 seqaebatnr?
583 504 672 585 Qnid
707 506 772 570 dno
808 505 1060 590 propagnacula
1096 503 1171 569 cecat
1205 503 1342 587 Paniai,
1380 503 1439 570 Cn.
1476 511 1506 570 et
1540 504 1584 570 P.

303 593 496 680 Scipiones?
503 595 525 680 1)
550 634 591 642 —
616 597 771 668 Quamvis
794 595 1036 660 decantatae..
1056 592 1117 659 .a‘n
1142 593 1292 660 ornne'hne
1315 593 1433 659 scholis
1448 594 1585 674 sabatae

303 684 420 769 arca)
455 693 571 766 essent,
607 693 716 751 tamen
751 686 800 750 his
829 687 983 771 exemplis
1016 685 1146 770 probari
1169 707 1235 749 non
1258 691 1364 771 potest
1387 685 1411 750 J
1413 688 1584 752 uveualem

303 777 404 840 solam
428 783 531 840 artem
563 776 728 840 rhetorum
755 775 807 840 vel
837 775 1090 840 declamatorum
1124 774 1254 855 imitari,
1290 777 1443 860 quoniam
1472 783 1586 841 auctor

304 883 442 952 quoque,
468 887 606 950 quocum
623 863 816 930 Plutarchus
831 872 1022 949 personatus
1038 865 1211 929 altercatur
1236 886 1304 949 cap.
1332 867 1383 945 10,
1407 865 1585 930 Aristidem

304 955 479 1036 Socratem,
505 954 721 1040 Cynaegirum
745 955 918 1018 nobiliores
947 955 1046 1019 fuisse
1070 953 1166 1026 Mida,
1198 954 1443 1040 Sardanapallo‚
1471 954 1585 1020 Xerxe

302 1045 433 1129 exponit
456 1052 489 1108 et
515 1045 628 1108 eodem
658 1044 790 1108 consilio
814 1043 867 1108 Ps.
893 1042 1035 1108 Galenus
1060 1041 1310 1108 Themistoclem
1339 1045 1460 1126 laudat,
1496 1047 1583 1129 quod

302 1134 477 1221 ignobilem
513 1135 670 1217 originem
706 1155 765 1198 sua
798 1134 917 1197 virtute
951 1132 1124 1197 ornaverit.
1161 1169 1203 1176 -
1238 1132 1286 1196 Ac
1321 1133 1465 1198 Senecae
1503 1135 1583 1199 illud

301 1230 508 1308 praeceptum
534 1229 643 1287 noster
666 1223 821 1308 sequitur,
856 1244 930 1286 cum
953 1227 1113 1286 maiorum
1140 1222 1262 1286 famam
1298 1228 1329 1286 et
1362 1224 1583 1309 iutegritatem

302 1312 435 1377 summis
458 1313 608 1377 laudibus
637 1311 763 1376 efferat:
799 1308 957 1374 Proderit
980 1330 1046 1374 non
1070 1314 1211 1393 tanturn,
1239 1313 1344 1396 inquit
1366 1313 1432 1393 ille,
1467 1310 1584 1391 anates

302 1420 370 1464 esse
395 1399 521 1464 soleant
545 1398 620 1464 honi
642 1398 717 1481 atri,
748 1397 854 1462 dicere
878 1398 1082 1479 formantque
1107 1419 1220 1463 eoram
1249 1403 1279 1462 et
1304 1398 1504 1464 lineamenta
1528 1401 1582 1464 de·

302 1489 455 1573 ‹iacere-i)
479 1488 536 1552 sed
560 1488 673 1570 qnatee
696 1486 825 1570 facerint
848 1508 999 1571 narrare,
1025 1492 1056 1551 et
1079 1508 1241 1572 exponere
1267 1540 1274 1554 .
1301 1540 1307 1552 .
1334 1541 1340 1553 .
1367 1541 1373 1553 .
1400 1540 1407 1554 .
1445 1488 1583 1554 Catonis

301 1577 390 1642 donn
412 1577 558 1660 forteqne
583 1576 713 1661 epreqia
736 1577 859 1658 facta)
886 1630 892 1642 .
919 1629 925 1641 .
953 1631 958 1642 .
986 1632 992 1643 .
1019 1629 1026 1640 .
1053 1578 1115 1664 (ep.
1140 1580 1191 1641 95.
1208 1578 1269 1661 72.)

832 1847 1044 1854 --.---

897 2043 975 2108 xri.

301 2167 365 2246 De
386 2166 591 2246 hominum
614 2166 907 2268 depravatione
927 2171 969 2247 et
988 2167 1041 2248 de
1063 2166 1324 2248 conscientia
1347 2169 1432 2264 (sat.
1458 2169 1578 2266 XIII).

407 2311 524 2376 Satura
548 2313 641 2377 tertia
665 2314 791 2378 decima
815 2320 1060 2379 monumentum
1083 2313 1305 2399 philosophiae
1321 2333 1398 2375 vere
1413 2313 1580 2397 popularis

298 2402 377 2465 mihi
416 2402 553 2468 videtur.
610 2402 782 2467 Praeclare
821 2404 990 2467 luvenalis
1029 2403 1190 2483 describit,
1231 2401 1391 2487 quomodo
1430 2402 1580 2467 homines

298 2491 540 2555 couscientia
562 2493 760 2557 malefacti
789 2495 939 2557 continuo
963 2495 1071 2556 vexati
1099 2494 1140 2556 ad
1163 2491 1274 2577 peiora
1296 2491 1513 2576 impellantur,
1542 2499 1579 2556 ut

297 2583 415 2645 iustam
443 2602 582 2665 poenam
610 2582 753 2665 effugere
781 2603 845 2646 non
873 2583 1005 2668 possint.
1053 2582 1143 2647 Haec
1179 2589 1228 2646 est
1261 2581 1374 2644 eadem
1409 2581 1578 2666 sapientia,

298 2692 380 2754 quae
404 2672 563 2755 reperitur
585 2672 619 2735 in
653 2673 763 2737 multis
797 2673 977 2756 proverbiis
1009 2677 1044 2735 ut
1078 2673 1112 2736 in
1146 2693 1200 2752 eo,
1232 2671 1318 2755 quod
1353 2676 1457 2734 exstat
1490 2672 1577 2755 apud

298 2759 531 2830 Quintilianum
560 2760 599 2824 V.
633 2765 745 2832 ll.41:
775 2757 984 2824 Conscientia
1011 2757 1101 2823 nn'tle
1130 2760 1266 2842 astae)
1292 2757 1460 2823 -Poeta
1488 2766 1577 2824 ante-

297 2871 394 2932 quam
428 2850 460 2914 id
500 2851 648 2934 explicat,
684 2851 769 2935 quod
807 2850 994 2936 pronuntiat
1030 2873 1082 2914 vv.
1124 2852 1220 2929 1—4‚
1259 2850 1361 2913 multa
1397 2850 1498 2914 verba
1536 2850 1577 2913 de

228 2967 230 2974 ¹
296 2938 498 3022 perfidia⁶)
544 2939 632 3021 facit,
657 2962 740 3024 quae
764 2940 883 3024 ubique
907 2938 1026 3022 nuncl)
1050 2939 1242 3008 inveniatur.

404 3046 477 3109 lam
503 3047 624 3111 dudum
648 3055 774 3133 tempus
795 3048 987 3131 praeterisse
1011 3047 1068 3128 ait,
1097 3068 1169 3110 cum
1194 3047 1383 3131 improbitas
1410 3045 1577 3131 impietas-

296 3156 359 3219 que
374 3136 539 3200 inauditae
557 3135 707 3216 esseut.⁸)
754 3135 849 3200 lllam
865 3137 1122 3221 antiquissimam
1139 3137 1206 3200 sive
1220 3157 1374 3199 auream
1398 3142 1576 3215 aetatem,

296 3245 360 3310 qua
384 3225 543 3290 Saturnus
567 3227 722 3290 mundum
746 3225 923 3310 regebat,⁹)
947 3247 1011 3289 non
1036 3226 1140 3290 solum
1163 3232 1278 3310 poetae
1302 3227 1359 3290 sed
1382 3226 1480 3289 etiam
1502 3225 1577 3311 phi-

294 3315 420 3399 losophi
442 3315 495 3378 vel
517 3316 549 3393 ii,
580 3317 634 3399 qui
663 3317 840 3401 sapientiae
868 3317 1001 3380 studiosi
1034 3315 1138 3379 videri
1171 3316 1393 3380 volebant‘ut
1416 3315 1577 3380 Maximus

295 3403 411 3488 Tyrius
446 3411 478 3468 et
511 3405 588 3484 Dio,
613 3406 775 3470 celebrare
810 3406 965 3478 solebant.
977 3403 1016 3484 10)
1063 3405 1256 3469 Dissertatio
1291 3405 1377 3468 illius
1412 3405 1575 3470 tricesima

294 3498 395 3573 sexta,
418 3495 509 3559 cuius
544 3496 701 3580 originem
733 3495 887 3581 Cynicam
919 3494 1050 3559 Hohein
1084 3491 1363 3578 conrprobarit¹¹),
1400 3499 1467 3558 tota
1500 3516 1576 3578 per-

293 3582 431 3666 legenda
470 3589 527 3664 est,
567 3594 603 3648 ut
641 3585 813 3650 maximam
853 3585 1093 3649 similitudinem
1132 3585 1216 3647 inter
1249 3585 1334 3648 hanc
1368 3593 1400 3647 et
1432 3584 1574 3669 priorem

293 3677 419 3756 partem
453 3679 582 3738 saturae
614 3674 783 3739 luvenalis
816 3675 1015 3739 intercedere
1050 3679 1213 3759 appareat.
1250 3710 1293 3717 —
1328 3673 1442 3757 Aeque
1477 3679 1576 3758 atque

295 3758 458 3842 cicer012)
481 3765 514 3827 in
540 3771 648 3828 satura
677 3764 788 3848 quinta
812 3762 987 3844 decimam)
1014 3770 1124 3827 noster
1152 3763 1301 3843 ostendit,
1326 3764 1486 3847 quomodo
1510 3763 1576 3826 illis

294 3852 493 3935 temporibus
516 3854 662 3917 homines
686 3854 795 3919 divina
823 3856 947 3921 ratione
970 3852 1085 3916 imbuti
1110 3852 1274 3938 coeperint

401 4046 427 4111 1)
446 4045 482 4100 cf.
504 4062 529 4100 v.
549 4049 574 4102 3.
686 4049 714 4114 2)
733 4047 797 4104 Seu.
818 4063 862 4118 ep.
882 4049 923 4103 24.
939 4055 959 4096 6.
1077 4046 1103 4112 3)
1124 4046 1160 4101 cf.
1180 4049 1266 4104 litas.
1388 4045 1416 4112 4)
1436 4045 1472 4100 cf.
1492 4048 1573 4100 ll.90.

400 4116 427 4184 5)
448 4117 483 4171 cf.
504 4118 580 4187 Otto,
599 4119 647 4174 die
667 4118 814 4188 Spriichw.
835 4136 863 4175 u.
883 4116 1299 4190 spriichwiirtl.liedensa1'ten
1319 4118 1371 4173 der
1383 4117 1496 4184 Rimer,
1510 4119 1573 4172 421.

403 4188 429 4256 6)
449 4189 492 4244 De
511 4189 570 4244 fide
589 4191 618 4245 et
637 4190 673 4246 de
693 4190 860 4248 diffidentia
879 4191 998 4261 scripsit
1015 4189 1071 4245 Dio
1092 4187 1156 4244 Chr.
1176 4205 1217 4245 or.
1237 4193 1270 4244 73
1290 4193 1319 4245 et
1338 4192 1380 4244 74.

400 4262 427 4325 7)
448 4260 482 4314 ci.
503 4277 550 4314 vv.
570 4263 612 4329 28,
633 4265 674 4318 60.
695 4278 737 4332 sq.
846 4263 873 4331 8)
893 4263 959 4319 Juv.
980 4279 1006 4316 v.
1027 4262 1069 4316 53.
1090 4275 1132 4329 sq.

400 4333 430 4397 9)
452 4332 488 4386 cf.
507 4349 534 4386 v.
554 4333 601 4399 403
622 4336 646 4387 6.
656 4344 675 4384 1.
695 4334 824 4400 (Lucian.
844 4334 901 4390 Sat.
922 4336 968 4403 203
988 4333 1062 4389 illex.
1082 4331 1112 4385 T.
1134 4335 1166 4386 36
1189 4331 1246 4400 [20]
1258 4341 1276 4382 1.

383 4403 427 4468 10)
448 4403 483 4458 cf.
502 4397 533 4458 Ε,
556 4403 666 4472 Weber,
685 4406 761 4461 stud.
783 4406 858 4475 Lips.
877 4406 902 4461 X
921 4422 948 4474 p.
975 4409 1032 4463 118.
1044 4428 1077 4466 so.
1100 4401 1226 4471 Norden,
1255 4403 1390 4474 Beitriige
1419 4421 1441 4459 n.
1467 4402 1572 4458 Gesch.

292 4471 319 4528 d.
340 4488 381 4542 gr.
401 4473 509 4531 Philas.
530 4475 636 4543 (annal.
656 4476 755 4546 philol.
777 4478 870 4548 suppl.
894 4481 937 4544 19)
956 4479 1034 4550 lle.
1053 4485 1157 4536 illan·

384 4544 427 4612 11)
447 4546 483 4602 de
502 4545 627 4602 Maximo
647 4546 734 4616 Tyrio
752 4566 779 4618 p.
799 4551 843 4606 aa
854 4553 895 4606 93.
972 4552 1014 4618 n)
1034 4552 1118 4607 ruse.
1140 4543 1171 4618 V,
1190 4548 1216 4607 5.
1291 4549 1336 4617 re)
1356 4568 1401 4608 vv.
1425 4550 1572 4604 ico-rae.
