3508 5302
788 317 829 379 gp
866 351 907 358 ..

165 537 323 612 tenerent,
352 536 388 593 ut
416 530 512 592 etiam
542 528 574 591 in
599 534 769 612 utramque
794 535 917 612 partem
942 528 1106 611 disputare
1130 548 1193 590 non
1218 533 1414 590 vererentur.
1424 520 1448 605 ¹)

165 621 290 686 Tamen
321 621 418 683 etiam
446 619 479 682 hi
508 618 679 702 sophistae,
713 619 778 701 qui,
812 625 847 681 ut
877 617 1042 702 placerent
1072 616 1279 695 multitudini,
1313 617 1450 680 orationi

166 711 269 794 magis
300 730 432 794 operam
463 708 585 772 dabant
617 728 713 791 quam
744 707 850 788 rebus,
882 743 924 751 —
956 707 1041 790 quod
1070 707 1194 770 Seneca
1224 711 1256 768 61
1283 703 1449 789 Epictetus

166 801 281 864 acerbe
304 795 532 882 improbant,²)
559 832 598 840 —
624 798 685 885 ipsi
708 795 891 880 philosophi
914 797 1094 880 nuncupari
1117 794 1276 858 volebant.

275 905 435 968 Rhetores
469 905 568 990 igitur
600 905 775 968 sententias
809 904 1016 989 philosophas
1050 903 1103 967 vel
1138 904 1276 967 morales
1312 901 1449 967 orationi

165 1001 298 1060 ornatus
338 1015 435 1058 causa
472 995 705 1058 immiscebant.
768 992 889 1058 Contra
927 993 1145 1078 philosophi
1188 993 1448 1075 eloquentiam

167 1084 457 1168 coniungebant
480 1105 562 1147 oum
587 1084 796 1167 sapientia,
822 1089 857 1146 ut
880 1084 983 1167 magis
1007 1084 1131 1146 animos
1153 1081 1352 1145 audientium
1376 1103 1449 1165 per-

165 1180 344 1254 moverent,
384 1173 416 1236 id
455 1173 541 1257 quod
578 1173 831 1236 luculentissime
868 1173 1011 1236 Senecae
1050 1192 1149 1255 opera
1183 1168 1448 1248 demonstrant3)

166 1262 265 1327 Ouius
291 1283 455 1326 sermones
478 1268 510 1326 et
533 1263 686 1346 epistulas
710 1263 827 1326 saturis
851 1260 1007 1326 Romanis
1039 1283 1104 1325 non
1132 1282 1205 1324 raro
1236 1259 1355 1324 similes
1379 1281 1449 1324 esse

166 1352 328 1416 Hemicus
352 1351 472 1416 Weber
497 1353 646 1437 cognovit
669 1358 701 1416 61
725 1352 904 1436 suspicatus
935 1356 984 1415 est
1013 1372 1052 1413 ex
1082 1371 1238 1414 consensu
1262 1349 1391 1414 Horatii
1419 1355 1450 1412 61

166 1442 309 1506 Senecae
344 1441 440 1505 etiam
475 1441 561 1504 huuc
596 1441 697 1506 multa
732 1441 850 1506 debere
885 1440 980 1505 Bioni
1016 1439 1148 1524 eiusque
1186 1460 1287 1522 genus
1323 1439 1450 1503 dicendi

158 1531 295 1594 imitari.
344 1530 438 1601 Quod
473 1553 548 1594 num
589 1537 675 1595 16616
710 1532 751 1594 sit
783 1530 959 1593 iudicatum
994 1531 1136 1594 maxima
1168 1528 1324 1592 dubitatio
1361 1527 1449 1611 est4)

165 1619 232 1684 Nec
268 1620 371 1702 magis
404 1617 598 1684 Juvenalem
631 1642 650 1683 a
681 1619 783 1684 Bione
817 1619 886 1704 ipso
919 1619 1061 1704 pendere
1090 1619 1302 1682 demonstrari
1332 1625 1449 1702 potest,

165 1731 363 1794 quamquam
387 1709 500 1772 eodem
524 1710 592 1773 fere
616 1731 734 1792 genere
759 1708 887 1773 dicendi
912 1709 1021 1788 utitur,
1043 1708 1128 1792 quod
1148 1707 1269 1771 Weber
1291 1707 1450 1771 Bioneum

165 1806 269 1863 vocat.
319 1799 432 1881 Neque
461 1800 547 1862 enim
575 1798 708 1863 dubium
738 1804 795 1880 est,
824 1799 902 1882 quin
930 1798 1068 1862 diatriba
1095 1798 1159 1875 illa,
1189 1798 1278 1860 cuius
1302 1798 1451 1861 inventor

165 1887 225 1952 Bio
243 1887 470 1972 Borysthenita
486 1895 626 1973 putatur,
644 1889 734 1952 brevi
751 1911 770 1952 a
782 1888 890 1951 multis
902 1887 1100 1972 philosophis
1113 1887 1249 1951 moralia
1262 1885 1448 1950 disserenti-

165 1979 225 2042 bus
249 1983 380 2062 recepta
403 1983 435 2040 61
457 1999 514 2062 pro
539 1979 668 2062 ingenio
694 1979 945 2061 uniuscuiusque
966 1982 1089 2040 mutata
1111 1978 1160 2040 sit.
1169 1974 1197 2058 ⁵)
1238 1975 1318 2039 llam
1340 1983 1449 2040 autem

167 2067 350 2148 dictionem,
390 2088 473 2150 quae
518 2068 647 2131 omniuo
691 2068 902 2131 diatribarum
940 2065 1147 2152 popularium
1185 2065 1449 2150 philosophorum

165 2156 296 2241 propria
320 2161 379 2236 est,
403 2157 499 2219 etiam
524 2179 543 2220 a
565 2156 724 2220 Juvenale
748 2157 926 2220 adhibitam
951 2178 1020 2220 esse
1044 2156 1139 2219 facile
1163 2156 1398 2239 intellegemus,
1424 2157 1451 2218 si

167 2245 405 2324 contulerimus,
432 2245 508 2329 quid
532 2246 716 2310 Weudland
741 2247 780 2310 de
804 2252 920 2310 natura
944 2246 1101 2309 diatribae
1128 2245 1370 2329 philosophicae
1395 2267 1449 2308 ex-

165 2337 342 2420 plicaverit.
392 2335 508 2419 [ncipit
530 2335 671 2419 primum
696 2341 791 2420 caput
815 2335 1048 2399 dissertationis
1072 2335 1121 2398 his
1143 2335 1264 2398 verbis:

275 2495 398 2576 „Unter
414 2496 471 2559 der
487 2495 769 2580 philosophischeu
785 2496 933 2560 Diatribe
949 2497 1098 2560 verstehe
1118 2497 1169 2559 ich
1192 2497 1243 2559 die
1264 2497 1296 2558 in
1321 2516 1449 2578 ewang-

166 2585 278 2663 losem,
313 2585 452 2649 leichten
488 2585 727 2669 Gesprbohston
762 2587 942 2670 gehaltene,
982 2587 1196 2670 abgegrenzte
1234 2584 1450 2668 Bahandlung

167 2676 255 2738 eines
279 2673 443 2738 einzelnen
469 2674 759 2759 philosophisohen,
788 2677 882 2739 meist
911 2675 1076 2740 ethischen
1105 2676 1224 2740 Sataes.
1269 2674 1338 2738 Der
1366 2681 1450 2738 erste

167 2763 333 2827 Vertrcter
365 2765 470 2828 dieser
503 2764 704 2828 besouderen
735 2764 1037 2849 Literaturgattung
1065 2814 1072 2828 .
1099 2814 1106 2827 .
1134 2813 1140 2826 .
1168 2815 1174 2827 .
1206 2765 1248 2827 ist
1277 2764 1360 2828 Bion
1393 2763 1450 2826 der

166 2851 403 2938 Borysthenite.
443 2852 503 2917 Ein
529 2861 670 2918 {iusserat
694 2854 891 2940 lebendiger,
917 2854 962 2918 oft
986 2855 1087 2918 durch
1111 2853 1242 2917 Anrede
1265 2854 1323 2918 dar
1342 2852 1450 2916 Hhrer

167 2943 245 3006 oder
280 2942 381 3006 durch
416 2943 622 3028 Einfr'ihrung
656 2944 822 3029 fingierter
856 2943 987 3029 Gegner
1026 2945 1105 3007 oder
1136 2942 1450 3006 Persouifikatiouen

167 3032 344 3114 dialogisch
361 3033 547 3116 gestalteter
564 3032 715 3118 Vortrag,
732 3034 804 3097 eine
819 3033 1023 3118 vorwiegend
1042 3033 1236 3119 polemische
1253 3029 1449 3114 Tendenz⁶)‚

167 3121 219 3184 ein
237 3121 441 3185 iiberreicher
458 3123 621 3186 Schmuck
638 3145 701 3187 von
718 3123 841 3186 Versen
860 3124 917 3186 der
933 3123 1235 3206 Liablingsdichter,
1256 3123 1308 3186 ein
1329 3123 1449 3186 ebenso

167 3208 553 3275 reioh1ioher11ebrauch
582 3234 644 3275 von
670 3213 919 3297 Apophtegmen
946 3213 1013 3276 und
1036 3212 1241 3292 Anekdoten,
1271 3210 1449 3275 611161161-

166 3301 249 3365 liebe
274 3300 326 3363 fiir
349 3301 474 3385 withige
498 3300 635 3364 Poiuten
660 3303 725 3365 und
749 3303 952 3382 Antithesen,
981 3301 1034 3365 fiir
1063 3308 1140 3366 stets
1164 3300 1331 3381 bellende,
1360 3299 1450 3363 nicht

167 3389 282 3452 immor
305 3390 464 3474 gewahlte
488 3389 690 3474 Vergleiche,
720 3391 800 3454 lcum
827 3393 880 3454 ein
905 3391 1054 3475 Vortrag,
1082 3391 1116 3454 in
1142 3391 1236 3455 allem
1264 3390 1449 3469 berechnet,

167 3478 219 3542 die
235 3478 350 3563 Menge
374 3502 412 3543 zu
435 3480 562 3564 paoken
586 3479 652 3543 und
675 3501 713 3542 zu
738 3480 866 3554 sessola,
892 3481 972 3544 dazu
993 3482 1043 3546 ein
1067 3480 1138 3556 Stil,
1159 3481 1217 3544 der
1237 3479 1337 3544 durch
1360 3480 1449 3542 Sata-

165 3569 283 3652 lbsung
312 3569 378 3632 und
411 3567 648 3653 Bevoraugung
680 3570 737 3632 der
768 3570 927 3635 Parataxe
961 3570 1131 3634 scheinbar
1163 3569 1221 3633 auf
1253 3570 1314 3634 alle
1345 3567 1450 3632 Mittel

168 3657 683 3738 161611611611161161611161161,
707 3660 772 3722 und
798 3660 855 3723 der
878 3660 959 3723 doch
984 3660 1086 3723 hieria
1111 3659 1171 3722 wie
1196 3660 1240 3721 im
1256 3657 1449 3722 Gebrauche

166 3817 379 3826 n—--m-

276 3923 302 4058 ἒξ
322 3921 509 4049 ἕ161.Τγ1.Ί151
523 3923 572 3986 (5.)
583 3927 629 4048 12E;
639 3924 751 4050 2911113.)
762 3926 809 3992 30;
821 3927 854 3980 39
865 3925 931 3991 (13.)
942 3927 985 3979 40.
996 3923 1044 3990 (cf.
1052 3923 1173 3990 Hobein,
1183 3922 1261 3979 dell.
1270 3923 1302 3977 Τ.
1312 3927 1361 3994 pt
1373 3921 1448 3991 sqq.)

273 4001 449 4062 ⁶..en.ep.
500 4003 585 4047 .5.-
629 4011 656 4063 p.
716 3999 777 4051 13.

274 4066 302 4132 3)
322 4065 447 4128 Norden,
467 4065 767 4134 ant.Kunstpr.1306
782 4082 824 4136 sq.
839 4096 870 4104 -
886 4066 923 4121 61.
943 4065 1144 4130 Wachsmuth,
1164 4065 1274 4134 sillogr.
1293 4065 1338 4120 Gr.
1358 4068 1391 4120 68
1405 4079 1447 4133 sq.

168 4151 194 4188 v.
208 4135 578 4192 Wilamowitz-Moellend.
594 4137 691 4206 Antig.
710 4154 728 4191 v
752 4138 813 4193 Oar.
827 4141 878 4192 301
900 4135 1149 4203 arlebaudus.
1164 4137 1240 4206 Lips.
1258 4140 1315 4193 198.
1335 4136 1387 4190 208
1406 4150 1448 4203 sq.

167 4223 193 4260 v.
225 4207 341 4276 Arnim,
370 4207 423 4262 Dio
443 4224 469 4261 v.
497 4207 590 4262 Prusa
616 4210 674 4264 113.
717 4208 882 4275 Praechter,
911 4209 988 4264 Hier.
1015 4208 1043 4262 d.
1068 4206 1108 4263 St.
1134 4224 1160 4277 p.
1187 4211 1235 4263 141
1257 4224 1299 4277 sq.
1344 4207 1448 4275 Hirzel,

167 4276 194 4331 d.
217 4277 319 4348 Dialog
338 4279 371 4335 11.
390 4281 451 4335 240.
490 4277 583 4334 Zeller
602 4279 644 4334 111
667 4278 693 4333 1³
712 4284 772 4336 816.
792 4309 833 4319 —=
846 4280 915 4347 (Cic.
934 4283 994 4334 nat.
1015 4279 1092 4334 deor.
1113 4278 1146 4333 11.
1166 4279 1236 4343 148).

273 4349 520 4418 41Hirzel‚Dia1.
540 4350 574 4405 11.
595 4352 629 4403 24

274 4423 302 4485 ὁ)
323 4421 434 4488 Weber,
455 4422 491 4477 de
511 4422 575 4477 Seu.
596 4437 661 4490 gen.
681 4421 737 4477 dic.
759 4421 838 4476 Bion.
859 4425 893 4476 54
913 4437 954 4490 sq.
993 4421 1165 4488 Weudland,
1183 4422 1235 4477 Ph.
1256 4422 1346 4476 6164

275 4494 302 4554 6)
332 4493 362 4547 lu
392 4494 528 4550 omuibus
560 4493 667 4549 saturis
699 4492 883 4548 adversarios
915 4493 1056 4561 quosdam
1091 4493 1260 4562 impugnari
1290 4491 1447 4547 manifesto

169 4569 304 4633 apertum
325 4567 376 4620 cst.
417 4566 518 4634 ltaque
537 4566 567 4620 iu
587 4579 650 4620 eam
671 4579 732 4620 rem
751 4579 809 4620 non
828 4565 994 4620 accuratius
1013 4565 1169 4633 inquiram.
