3508 5302
699 371 895 434 ,ῃ-

369 582 535 668 dispersos
560 580 689 646 trahere
713 581 750 644 in
773 581 944 665 popalam,
969 579 1114 664 miprare
1137 584 1265 646 catasta

370 673 409 736 de
434 692 565 737 nemore
590 675 621 734 et
643 669 776 755 proauis
800 669 964 734 habitatas
990 669 1138 752 linquere
1161 669 1263 734 silvas

371 759 544 840 aedificare
569 761 689 841 domos,
716 758 843 824 laribns
866 757 1064 842 conianqere
1088 758 1210 824 nostris

370 854 489 914 tectam
514 847 617 930 alind,
643 853 730 913 latos
752 847 858 912 cicino
883 847 996 912 limine
1021 868 1150 914 somnos

370 943 408 1002 at
430 939 550 1004 collata
572 938 668 1002 daret
689 936 815 1017 fidncia
836 961 901 1024 eqs.

264 1063 317 1127 Ta
343 1066 422 1143 [soil.
440 1065 654 1151 philosophia]
679 1062 771 1128 arhis
788 1061 959 1146 peperisti,
985 1068 1022 1127 tn
1038 1061 1216 1145 dissipatos
1239 1061 1385 1127 homines
1401 1059 1439 1127 in

154 1152 342 1216 societatem
368 1152 455 1217 ritae
472 1151 664 1234 convocasti,
690 1157 727 1217 ta
751 1173 803 1216 eos
826 1152 913 1217 inter
936 1173 970 1216 se
982 1151 1093 1234 primo
1110 1150 1296 1234 domiciliis,
1322 1149 1440 1215 deinde

156 1240 319 1325 coniaqiis
344 1293 350 1305 .
378 1293 384 1305 .
411 1293 417 1307 .
445 1293 451 1305 .
477 1240 631 1316 insanisti,
658 1246 695 1304 tn
722 1240 894 1306 incentrice
918 1241 1035 1326 lcqnm,
1065 1246 1102 1305 tn
1124 1240 1287 1325 maqistra
1309 1261 1440 1306 moram

156 1337 187 1394 et
210 1329 409 1413 disciplinae
433 1329 540 1412 faisti.
550 1332 575 1412 1)

262 1423 425 1508 Tempora
449 1429 557 1487 autem
580 1424 762 1508 praesentia
779 1445 798 1487 a
813 1423 993 1507 praeteritis
1014 1423 1109 1487 valde
1126 1422 1256 1486 differre
1271 1421 1440 1485 luvenalis

156 1512 269 1576 iisdem
294 1513 362 1576 fere
384 1512 492 1576 verbis
517 1533 593 1576 usus
617 1512 732 1596 quibus
754 1513 879 1577 Seneca
902 1518 934 1576 et
952 1512 1077 1577 Plinius
1100 1512 1220 1575 ibidem
1249 1505 1439 1594 queritur.²)

158 1598 350 1663 Canniciam
365 1603 452 1665 enim
468 1598 625 1680 saccali3)
651 1602 737 1686 apud
752 1602 958 1686 philosophos
982 1603 1079 1666 etiam
1095 1602 1198 1686 magis
1213 1600 1440 1686 pervulgatum

157 1698 226 1754 erat
259 1713 357 1775 quam
390 1692 476 1775 apud
515 1689 702 1772 rhet01·es.4)
776 1692 839 1756 Sed
887 1691 1175 1776 quotienscumque
1215 1691 1256 1753 de
1296 1689 1441 1774 nequitia

157 1781 323 1844 homiuum
339 1781 531 1866 disputatur,
555 1801 683 1865 semper
699 1780 811 1844 audias
835 1781 957 1844 nullam
973 1781 1176 1865 probitatem,
1200 1780 1322 1844 nullam
1342 1779 1440 1842 fidem

157 1891 225 1934 esse
237 1870 322 1934 inter
336 1870 481 1934 homines
494 1875 526 1933 et
538 1871 637 1934 alium
649 1869 760 1933 lullere
774 1871 882 1934 alium.
930 1870 970 1934 cl.
987 1870 1050 1934 Dio
1064 1869 1139 1934 Chr.
1152 1871 1202 1932 74.
1213 1886 1254 1948 ra,
1268 1891 1314 1953 sq.
1328 1889 1360 1953 p.
1374 1868 1439 1932 259

158 1956 195 2021 Ἡ
210 1962 274 2044 γὰρ
307 1956 383 2042 <scil
399 1956 518 2042 πίστις)
550 1960 588 2022 ἐκ
603 1967 665 2023 τῶν
681 1958 785 2042 λόγων
809 1962 944 2042 καὶτῆς
969 1959 1145 2042 συνηθείας
1168 1960 1309 2021 καὶτῶν
1332 1959 1440 2042 ὅρκων

157 2051 211 2110 aul
235 2058 291 2111 τοῦ
320 2048 431 2133 γένους
459 2047 746 2131 scrupulosae)
794 2048 919 2113 Seneca
934 2070 1063 2133 quoqne
1086 2049 1243 2113 deliberat
1266 2055 1369 2130 tranq.
1387 2067 1439 2110 an.

159 2141 235 2207 15.1
260 2156 360 2216 qaam
383 2134 428 2199 sit
455 2155 536 2198 rara
563 2133 760 2218 simplicitas
788 2139 820 2199 et
841 2156 942 2216 qnam
968 2135 1081 2219 ipnota
1110 2133 1299 2199 innocentia
1327 2137 1358 2197 et
1379 2131 1440 2197 aia

155 2244 315 2305 nmquam
340 2277 345 2288 .
374 2275 379 2287 .
407 2275 413 2287 .
441 2276 447 2288 .
471 2223 553 2304 fides
578 2225 672 2310 eqs.⁶)
698 2226 738 2290 cl.
763 2227 838 2290 luv.
866 2228 916 2291 13.
930 2245 974 2298 26.

365 2347 454 2412 Rari
477 2347 595 2433 qnippe
620 2348 704 2432 honi,
729 2370 866 2414 niemero
889 2348 947 2413 oia
970 2353 1050 2414 siml
1073 2346 1206 2414 totidem
1230 2352 1307 2429 qaot

359 2437 546 2502 Thebarum
563 2442 680 2521 portae
705 2446 764 2505 etc.

245 2566 293 2629 Ac
306 2566 447 2650 primurn
459 2565 628 2629 luvenalis
645 2564 816 2629 Calvinum
840 2566 1024 2629 consolatur
1040 2587 1135 2649 quem
1153 2565 1300 2649 deposito
1316 2565 1440 2629 amicus

157 2655 287 2738 quidam
324 2653 569 2735 defraudavitfl)
628 2654 796 2726 Quomodo
830 2656 916 2719 vitae
956 2654 1160 2719 incommoda
1196 2653 1340 2718 feramus
1374 2675 1439 2718 nou

157 2745 251 2809 modo
281 2744 546 2829 philosophorum
574 2743 664 2807 libris
688 2744 865 2809 sedetiam
889 2745 1134 2828 vita-magistra
1157 2744 1344 2809 discendum
1369 2765 1440 2808 esse

157 2834 296 2918 explicat
324 2855 353 2897 v.
382 2835 432 2896 19.
447 2855 493 2918 sq.
548 2834 703 2897 Similiter
727 2834 892 2918 Epictetus
923 2840 1032 2898 monet
1058 2831 1084 2896 Ι.
1110 2837 1140 2897 4,
1172 2836 1202 2896 5.
1218 2857 1265 2918 sq.
1290 2855 1365 2898 eum
1398 2833 1440 2897 ad

156 2923 348 3007 sapientiam
364 2944 429 2986 non
442 2944 647 3009 progressum
665 2945 745 3003 esse,
767 2925 822 3008 qui
837 2924 955 2988 multos
971 2924 1071 2988 libros
1082 2921 1254 3009 Chrysippi
1265 2924 1404 3008 legisset.
1413 2921 1441 3002 8)

156 3011 247 3076 Idem
282 3012 351 3075 fere
387 3033 424 3075 ac
452 3019 559 3076 noster
595 3013 719 3078 Seneca
754 3013 850 3078 sentit
878 3034 927 3097 ep.
965 3015 1073 3083 llas.
1133 3009 1273 3096 Sapiens
1307 3009 1440 3092 qnidam

156 3097 258 3163 uincit
273 3097 395 3162 virtatc
411 3098 584 3180 fontanam
591 3101 619 3185 9)
637 3103 677 3166 ef.
689 3104 763 3167 luv.
778 3103 831 3167 20.
878 3102 1006 3166 Deinde
1023 3104 1055 3167 id
1073 3103 1222 3167 solatium
1238 3103 1332 3167 affert
1344 3102 1441 3186 ,quod

156 3212 251 3255 nemo
267 3191 478 3276 philosophus
495 3192 621 3255 omittit.
631 3190 671 3270 10)
719 3192 759 3256 cf.
785 3193 859 3256 Sen.
885 3192 925 3255 ad
941 3192 1011 3256 Pol.
1038 3194 1103 3263 1.3,
1149 3189 1342 3254 Maaimam
1365 3209 1440 3271 erqo

156 3277 313 3342 solatiam
336 3281 385 3342 est
405 3277 546 3361 copitare
571 3278 606 3343 id
622 3277 685 3344 sihi
702 3278 957 3361 accidisse,qaocl
982 3284 1056 3343 ante
1072 3300 1106 3344 se
1117 3279 1212 3363 passi
1227 3283 1306 3344 sant
1330 3297 1439 3342 omnes

158 3387 330 3448 omnesqne
337 3366 485 3451 passari.
496 3369 533 3450 11)
552 3369 590 3433 cf.
602 3371 623 3434 J
625 3393 677 3434 ur.
688 3393 740 3434 vv.
753 3372 772 3435 8
786 3393 833 3455 sq,
845 3371 886 3433 23
904 3393 951 3455 sq,
963 3373 1004 3434 72
1023 3393 1069 3456 sq,
1084 3373 1145 3434 126
1163 3393 1210 3455 sq.
1235 3371 1276 3434 M.
1287 3369 1441 3433 Aurelius

157 3459 317 3539 hortatur,
341 3465 375 3522 ut
399 3460 576 3543 cogitemus
600 3461 679 3524 nihil
696 3461 771 3524 novi
789 3459 944 3524 malitiam
969 3481 1038 3524 esse
1056 3463 1121 3530 7.1,
1169 3458 1208 3522 Τί
1231 3460 1298 3522 ἐστι
1320 3457 1439 3536 κακίας

157 3547 237 3611 τοῦτ’
269 3550 365 3626 ἔστιν,
397 3548 594 3626 taonem
617 3550 707 3626 εἶδες.
731 3547 797 3612 Kal
821 3550 873 3613 aa
905 3553 1023 3626 παντὸς
1056 3551 1091 3612 δὲ
1123 3559 1178 3612 τοῦ
1214 3547 1440 3632 συμβαίνοντος

158 3637 327 3722 πρόχειρον
352 3639 418 3722 ἔχε,
431 3639 478 3701 ὅτι
492 3638 585 3703 τοῦτό
602 3639 697 3715 ἐστιν,
722 3639 739 3701 ὃ
755 3637 911 3715 πολλάκις
927 3640 1009 3716 εἶδες
1024 3661 1055 3702 n.
1073 3661 1098 3701 τ.
1117 3637 1136 3700 λ
1152 3637 1208 3720 (cl.
1222 3637 1296 3701 Juv.
1314 3639 1364 3700 16.
1376 3634 1439 3721 sq.)

102 3785 105 3794 .
156 3726 256 3791 Juvat
279 3727 419 3811 denique
442 3728 529 3791 hunc
553 3728 696 3792 Senecae
724 3728 831 3792 locum
856 3749 928 3791 cum
956 3729 1063 3793 verbis
1085 3726 1253 3791 luvenalis
1277 3726 1439 3790 conferre:

265 3905 290 3967 1)
310 3904 347 3959 cf.
366 3903 465 3973 llayor
484 3906 513 3958 et
533 3903 638 3959 Friedl.
657 3904 695 3958 ad
713 3920 760 3957 vv.
783 3905 930 3960 149-158.
951 3905 990 3971 (v.
1010 3919 1072 3974 cap.
1092 3903 1130 3959 lX
1148 3919 1174 3973 p.
1189 3903 1243 3970 58.)

264 3975 291 4041 2)
312 3975 377 4030 Sen.
392 3990 433 4045 ep.
455 3978 548 4041 95·31;
568 3975 652 4032 clem.
670 3975 692 4030 Ι.
711 3977 791 4044 26.ο;
810 3975 1040 4043 Plin.n.l1.l.a;
1059 3975 1135 4031 Phil.
1149 3975 1219 4044 opii.
1236 3975 1340 4030 mundi
1354 3988 1377 4028 c.
1391 3974 1440 4041 49;

160 4045 264 4102 Friedl.
284 4049 313 4102 et
332 4046 433 4118 Mayor
452 4047 490 4102 ad
510 4050 717 4113 wanti—1643
737 4047 920 4116 Bonhoelt'er,
939 4047 987 4103 die
1007 4047 1069 4103 utu.
1091 4047 1119 4102 d.
1139 4045 1179 4102 St.
1193 4046 1285 4116 Epist.
1299 4048 1359 4114 134,
1380 4047 1438 4098 141.

265 4119 293 4185 3)
312 4117 378 4174 Seu.
398 4120 488 4173 contr.
509 4118 534 4173 ll
554 4118 644 4187 praef.
683 4118 718 4174 cl.
740 4118 845 4187 Himel,
864 4118 939 4175 Dial.
960 4119 986 4173 ΙΙ
1007 4119 1067 4173 239.

264 4192 291 4256 4)
313 4189 350 4245 cl.
368 4189 542 4257 Wendland,
561 4189 635 4246 Phil.
657 4193 710 4245 etc.
729 4205 756 4259 p.
776 4192 811 4245 38
821 4207 863 4259 sq.
997 4189 1025 4256 5)
1045 4190 1081 4245 cl.
1100 4189 1167 4245 Juv.
1187 4206 1213 4243 v.
1233 4193 1276 4244 35.

264 4265 292 4326 6)
313 4261 348 4316 cf.
368 4260 432 4316 llax
452 4261 482 4315 T.
501 4261 604 4328 36(·20).
625 4276 649 4315 e.
668 4263 697 4329 23
717 4261 792 4329 6(36)
813 4277 874 4330 cap.
895 4264 924 4327 3;
944 4291 976 4299 -
998 4265 1065 4331 p.8;
1085 4261 1185 4329 llayor
1204 4261 1242 4316 ad
1261 4278 1287 4315 v.
1307 4261 1349 4314 26.

265 4333 292 4399 7)
311 4333 355 4388 De
369 4331 519 4388 reddendo
540 4333 672 4402 deposito
692 4333 882 4403 philosophos
900 4333 1028 4388 libenter
1046 4333 1245 4403 disputavisse
1265 4331 1384 4399 apparet
1404 4343 1438 4384 ex

158 4403 205 4459 his
217 4404 304 4460 locis:
319 4403 376 4459 Cic.
391 4405 474 4460 Tusc.
489 4407 559 4464 347:
574 4404 622 4459 off·
640 4406 798 4473 l.31;3.95;
813 4420 873 4474 par.
886 4407 928 4460 tl.
967 4403 1031 4460 Seu.
1045 4406 1112 4461 ben.
1130 4408 1200 4464 4.1o.
1215 4404 1271 4470 (Ps.
1285 4402 1372 4458 Phoc.
1386 4401 1438 4466 13).

265 4477 292 4542 8)
313 4475 349 4531 cf.
369 4476 403 4530 ll.
426 4479 470 4542 193
491 4475 526 4532 ll.
547 4478 615 4530 Aur.
635 4478 660 4528 2.
670 4491 690 4534 3.
799 4475 825 4544 9)
846 4477 881 4532 cf.
902 4491 945 4545 ep.
965 4479 1038 4536 aas.

249 4551 291 4606 10)
311 4547 348 4602 cf.
368 4547 425 4602 Cic.
445 4548 530 4603 Tusc.
550 4550 574 4602 3.
587 4563 612 4606 rr
631 4547 709 4614 (luv.
730 4562 776 4601 vv.
796 4550 811 4601 7
832 4551 861 4603 et
881 4549 935 4616 72).

250 4620 293 4685 11)
313 4618 349 4683 cf,
370 4619 436 4679 Sen.
456 4619 494 4674 ad
514 4618 599 4674 Marc.
620 4621 680 4688 9.5;
700 4633 743 4687 ep.
766 4620 824 4673 107.
