3512 5324
757 1413 811 1488 ·l.

189 1543 249 1638 Τ
299 1581 449 1700 Quajra
476 1587 870 1714 ceramussense
886 1587 1158 1711 philesopnia·
1175 1589 1305 1670 suern.
1348 1527 1366 1598 Ὗ
1410 1525 1462 1668 fs

181 1789 184 1840 ;
226 1833 228 1838 ,
261 1770 414 1855 Plerique
430 1770 491 1834 riri
507 1770 602 1849 docti,
626 1769 682 1853 qui
704 1768 822 1833 saturis
837 1769 1006 1832 luvenalis
1031 1769 1280 1854 interpretandis
1307 1773 1451 1858 operam

155 1860 322 1937 dederunt,
345 1867 509 1924 auctorem
526 1857 709 1922 non'multa
725 1880 797 1922 oum
814 1859 1022 1943 philosophis,
1047 1879 1121 1924 cum
1137 1860 1319 1924 rhetoribus
1335 1883 1456 1946 paene·

156 1949 263 2018 omnia
289 1949 528 2026 communicare
555 1945 728 2030 censentl)
782 1947 879 2011 Velut
915 1948 1099 2012 Ludovicus
1137 1949 1369 2016 Friedlaender
1405 1954 1462 2016 in

154 2039 355 2124 praefatione
379 2039 527 2103 editionis
550 2038 687 2121 vestigia
710 2037 751 2101 ad
775 2037 952 2122 sapientiae
975 2038 1116 2102 studium
1132 2039 1328 2124 pertinentia
1350 2041 1450 2106 nulla·

154 2129 222 2198 fere
245 2128 307 2192 nisi
331 2129 364 2191 in
388 2135 503 2213 quarto
525 2128 609 2191 libro
633 2133 677 2190 <et
707 2127 819 2210 quinto
848 2127 986 2190 inveniri
1009 2126 1125 2204 dicit-2)
1152 2127 1233 2192 ‚Oui
1261 2129 1444 2196 sententiae

153 2217 387 2294 Friedlaender
410 2218 479 2302 ipse
502 2237 683 2301 repugnare
707 2216 786 2280 mihi
809 2216 947 2296 videtur,
972 2237 1044 2281 cum
1068 2237 1133 2280 non
1150 2218 1245 2282 modo
1269 2240 1287 2281 e
1311 2222 1442 2294 saturis.

154 2314 500 2392 quorumargumenta
515 2327 588 2370 oum
604 2307 786 2390 praeceptis
802 2311 834 2368 et
845 2305 972 2389 placitis
984 2307 1247 2391 philosophorum
1260 2330 1443 2394 congruere

153 2397 315 2462 nemiuem
335 2396 428 2480 fugit,
452 2397 507 2460 sed
532 2396 629 2460 etiam
654 2417 694 2458 ex
716 2396 765 2475 iis,
789 2394 822 2458 in
839 2395 955 2478 quibus
972 2396 1125 2459 materiae
1142 2403 1329 2479 tractantur,
1355 2421 1443 2484 quae

153 2488 257 2572 pn'mo
282 2498 414 2570 aspectu
437 2507 511 2550 cum
527 2484 730 2570 philosophia
752 2484 832 2548 nihil
849 2503 1019 2549 commune
1035 2486 1154 2549 habere
1174 2486 1334 2567 videntur,
1359 2481 1451 2552 uon-⁴

152 2575 258 2644 nullos
281 2575 369 2639 locos
405 2574 601 2640 contrarium
624 2574 693 2638 fere
717 2574 974 2638 demonstrantes
998 2575 1121 2640 afferat.
1168 2575 1274 2646 Quam
1303 2577 1439 2642 ohaam

152 2665 271 2730 Ferrea
294 2665 327 2728 in
351 2664 472 2744 libello,
488 2665 522 2728 in
542 2685 606 2748 quo
630 2664 736 2748 agitur
761 2664 821 2744 „de
840 2663 1009 2748 disciplina
1026 2665 1207 2728 Stoicorum
1224 2666 1309 2750 apud
1325 2663 1442 2750 poetas

151 2751 382 2834 Romanostss)
402 2753 595 2818 duvenalem
612 2774 740 2838 quoque
755 2753 788 2816 in
805 2755 990 2818 auctoribus
1006 2754 1305 2838 philosophantibus
1321 2758 1439 2821 merito
1459 2755 1461 2762 ’

151 2850 310 2919 numerat.
357 2842 470 2927 Neque
509 2843 595 2908 enim
629 2842 872 2926 neglegendum
909 2851 958 2907 est
994 2843 1231 2930 philosophiam
1268 2843 1439 2911 luvenalis

151 2933 350 3018 temporibus
383 2933 479 2997 aliam
511 2933 611 2996 fuisse
633 2953 679 2996 ac
710 2932 859 2996 Plutonis
887 2938 919 2995 et
949 2932 1130 2998 Aristotelis
1162 2939 1278 3007 aetate,
1312 2955 1384 2999 cum
1418 2957 1439 3000 e

151 3025 254 3090 tribus
278 3022 348 3085 eins
369 3023 514 3106 partibus
538 3022 694 3086 naturalis
718 3029 750 3085 et
773 3022 938 3085 rationalis
962 3023 1043 3088 nihil
1065 3022 1168 3086 ferme
1190 3022 1255 3087 iam
1283 3024 1461 3105 valerent*

153 3113 262 3176 omnia
279 3111 451 3193 moralis.⁴)
476 3112 574 3177 ‚Tum
590 3112 687 3191 euim,
707 3131 779 3175 cum
796 3111 965 3175 luvenalis
981 3118 1163 3177 saturarum
1178 3112 1276 3176 libros
1293 3114 1440 3199 quinque

151 3201 374 3286 componebat,
401 3200 581 3286 philosophi
605 3200 796 3285 sapientiam
813 3201 909 3263 etiam
927 3203 1029 3286 magis
1045 3201 1238 3286 pervulgare
1253 3202 1438 3268 studebant.

151 3290 245 3362 Quod
277 3296 313 3353 ut
343 3290 517 3367 efficerent,
550 3290 697 3375 exemplo
721 3288 918 3374 Cynicorum·
948 3297 979 3353 et
1002 3291 1181 3356 Stoicorum
1212 3293 1440 3377 philosophiae

36 3457 39 3462 Ι
150 3381 231 3444 fines
253 3379 382 3463 longius
404 3381 637 3464 promovebant
660 3385 692 3443 et
715 3379 755 3443 de
772 3379 921 3444 omnibus
944 3381 1041 3446 rebus
1056 3380 1206 3444 humanis
1223 3381 1437 3446 disserebant.

151 3469 222 3540 Quo
257 3468 378 3532 factum
414 3477 471 3548 est,
512 3476 548 3532 ut
579 3469 711 3532 Traiani
746 3469 944 3554 temporibus
983 3470 1131 3534 omnibns
1169 3471 1247 3533 locis
1281 3473 1437 3554 permulti

149 3558 334 3642 philosophi
366 3559 432 3622 sive
464 3558 524 3623 hoc
554 3559 685 3622 nomine
717 3558 807 3641 digni
840 3559 907 3622 sive
939 3558 1064 3643 indigni
1087 3558 1345 3642 invenirenturrl)
1393 3561 1440 3626 Et

153 3678 363 3692 -d—-—-—--—

261 3752 285 3818 1)
304 3750 425 3818 Teuffel,
445 3750 567 3806 Studien
586 3751 648 3806 und
668 3751 843 3814 Charaktere
863 3754 917 3808 eto.
934 3769 962 3822 p.
975 3753 1041 3820 4133
1061 3751 1182 3821 Schema,
1203 3751 1305 3808 Gasoh.
1319 3754 1347 3809 d.
1360 3756 1436 3810 rbm.

150 3822 238 3879 Liter.
258 3821 291 3878 ΙΙ.
312 3824 327 3876 2
347 3839 374 3892 p.
395 3825 459 3889 1693
487 3821 580 3891 Peter,
608 3822 656 3878 die
677 3823 849 3892 geschichtl.
870 3823 956 3879 Liter.
976 3824 1049 3879 iiber
1067 3824 1095 3879 d.
1114 3825 1177 3879 rbm
1196 3823 1359 3881 Kaiserzeit
1377 3833 1436 3882 eto.

148 3893 184 3949 Il'
196 3909 224 3963 p.
243 3893 422 3963 senipetas
444 3893 531 3960 1897).

256 3964 283 4032 2)
304 3965 434 4034 Aequius
461 3963 497 4020 de
516 3964 660 4021 iuvenale
678 3965 790 4021 iudicat
809 3965 843 4021 Η.
862 3966 982 4035 wileka,
1002 3966 1073 4036 quid
1098 3967 1223 4022 elocutio
1242 3968 1395 4024 luvenalis
1415 3984 1433 4024 a

149 4035 288 4092 Parsiana
307 4035 425 4092 differat
443 4035 576 4102 (Stendal
597 4037 675 4103 1869)
694 4053 722 4106 p.
742 4039 756 4090 7
778 4081 784 4093 .
805 4081 810 4092 .
830 4080 838 4093 .
858 4081 864 4093 .
892 4039 1014 4106 „satiras
1033 4038 1186 4094 luvenalis
1214 4039 1433 4108 philosophiam

149 4121 249 4162 veram
269 4122 303 4163 ac
322 4107 492 4177 popularem
512 4122 636 4177 sequens
656 4109 811 4166 sententiis
836 4111 888 4165 aut
908 4125 941 4165 en
962 4109 1023 4164 vita
1042 4109 1215 4178 quotidiana
1238 4113 1290 4166 aut
1309 4125 1344 4165 ex
1364 4111 1434 4166 aliis

150 4178 344 4247 scriptoribus
363 4178 464 4247 petitis
483 4178 575 4248 polire
595 4183 624 4235 et
643 4195 745 4236 ornare
765 4181 888 4238 studet.“

255 4249 284 4316 3)
303 4249 426 4305 Parisiis
448 4251 522 4305 1863.

234 4320 282 4388 '4)
304 4319 414 4377 Muson.
438 4336 484 4390 ap.
509 4321 587 4376 Stoh.
612 4321 665 4378 ecl.
686 4322 722 4377 ΙΙ.
740 4324 783 4377 31.
804 4339 841 4380 rsa
862 4322 1019 4386 (Wachsm.
1038 4339 1065 4392 p.
1085 4324 1188 4389 abtas)
1207 4367 1213 4379 ·
1231 4367 1238 4379 ·
1256 4367 1263 4380 ·
1283 4325 1434 4389 φιλοσοφία

148 4392 360 4458 καλοκαγαθίας
374 4395 443 4444 ἐστὶν
457 4395 619 4458 ἐπιτήδευσις
631 4396 679 4444 καὶ
693 4397 770 4446 οὐδὲν
784 4395 881 4458 ἕτερον.
920 4393 974 4447 Dio
988 4392 1053 4448 Chr.
1072 4394 1147 4450 Xlll.
1168 4399 1211 4451 28.
1230 4413 1256 4464 p.
1271 4399 1323 4450 249
1342 4395 1432 4450 Dind.

148 4463 183 4518 of.
205 4462 305 4529 heller,
326 4463 375 4518 die
393 4463 501 4518 Philos.
521 4464 549 4518 d.
569 4462 711 4520 Griechen
732 4464 777 4519 lll.
797 4463 820 4518 1³
839 4480 865 4533 p.
887 4467 946 4519 733.

255 4535 283 4599 5)
303 4533 518 4604 Friedlaender,
537 4535 730 4605 Sittengesoh.
750 4535 837 4592 Rome
857 4535 908 4590 Illss
931 4552 958 4605 p.
979 4539 1039 4592 688.

1288 4649 1300 4699 l
