3508 5302
689 307 888 372 -53-.

146 523 189 586 cf.
214 521 278 586 Dio
302 519 378 586 chr.
402 513 536 584 XXXII
553 525 595 584 74
618 544 649 607 p.
666 523 741 586 425.
756 539 790 591 ‘28
813 520 867 604 Μὴ
896 524 950 584 οὖν
974 521 1086 584 οἴεσθε
1109 523 1182 605 περὶ
1207 529 1328 606 μικρῶν
1353 523 1433 585 εἶναι

148 616 201 675 τὸν
224 611 329 695 λόγον,
358 613 435 674 ὅταν
458 632 503 686 τις
527 611 597 696 ὑμῖν
619 610 807 694 διαλέγηται
830 613 988 694 περὶτῶν
1014 610 1047 674 ἐν
1070 617 1133 686 τοῖς
1156 611 1306 694 θεάτροις
1334 610 1430 694 θορύ-

147 701 212 786 βων
238 751 244 762 .
271 751 277 762 .
304 748 311 762 .
337 699 409 762 ἀλλ’
433 701 509 762 ὅταν
534 701 577 776 εἰς
600 704 635 763 τὸ
660 700 789 763 στάδιον
813 699 943 782 ἔλθητε,
967 699 1012 774 τίς
1037 701 1074 762 ἂν
1100 700 1197 763 εἰπεῖν
1222 701 1349 762 δύναιτο
1376 701 1433 774 τάς

150 792 220 853 ἐκεῖ
244 791 392 873 κραυγὰς
407 789 464 851 καί
488 788 626 874 θόρυβον
647 790 704 851 καί
728 788 868 873 ἀγωνίαν
892 790 949 852 καί
974 789 1149 873 σχημάτων
1176 788 1353 873 μεταβολάς
1376 789 1433 850 καί

145 879 330 964 χρωμάτων
364 878 421 940 καί
455 876 661 963 βλασφημίας
700 879 768 953 οίας
799 879 856 940 καί
887 879 967 954 ὅσας
1000 877 1123 961 ἀρίετε;
1152 877 1221 940 κτλ.
1258 877 1298 942 of.
1324 875 1362 958 βξ
1379 879 1431 948 41,

150 969 192 1032 50
209 989 255 1050 sq.
273 988 304 1051 p.
321 969 396 1031 414.
408 965 431 1046 ¹)
453 965 614 1032 Maximus
630 967 746 1051 Tyrius
761 967 874 1031 laudat
889 968 929 1031 37
944 968 1053 1046 (21).4
1074 966 1240 1051 antiquam
1255 966 1434 1030 Athenien-

147 1058 232 1120 siurn
255 1075 383 1119 musam
407 1056 585 1140 chorosque
613 1077 788 1141 puerorum
816 1063 848 1120 et
873 1057 1028 1137 virorum,
1055 1057 1089 1118 in
1114 1057 1297 1140 spectacula
1324 1061 1434 1119 autern

149 1147 340 1230 insipienter
361 1146 525 1217 invehitur
554 1152 591 1209 ut
613 1145 646 1209 in
669 1146 862 1231 principium
888 1145 1024 1209 civitatis
1048 1146 1312 1231 corrumpendae.
1340 1167 1434 1229 μετα-

150 1245 298 1298 πεσοῦσα
333 1235 368 1297 δὲ
403 1235 512 1319 ἡσυχῇ
550 1237 601 1298 est
628 1236 745 1320 τέχνην
782 1235 960 1320 ἀκορέστου
988 1233 1150 1319 χάριτοςῖ)
1176 1236 1208 1299 ἐν
1235 1243 1341 1317 σαηνη
1378 1235 1434 1296 καί

151 1325 301 1408 θεάτροις
337 1324 424 1408 άρχη
461 1332 519 1406 της
549 1326 623 1409 περί
646 1323 807 1388 πολιτείαν
837 1327 941 1400 αὐτοῖς
968 1324 1189 1409 πλημμελείας
1226 1323 1361 1408 ἐγένετο.
1391 1358 1434 1365 -

149 1413 278 1476 Marcus
302 1413 454 1476 Aurelius
488 1413 654 1478 educatori
687 1415 808 1498 gratias
843 1414 910 1498 agit
939 1413 1005 1486 1.5,
1041 1414 1128 1497 quod
1163 1435 1197 1478 se
1220 1413 1365 1477 docuerit
1399 1415 1434 1473 τὸ

153 1502 233 1587 μήτε
256 1501 442 1585 Πρασιανὸς
471 1501 551 1586 μήτε
579 1502 766 1579 Βενετιανὸς
790 1554 796 1565 .
824 1553 829 1565 .
857 1554 863 1565 .
890 1553 896 1566 .
920 1502 1086 1587 γενέσθαι.
1135 1503 1175 1567 of.
1204 1503 1278 1567 Juv.
1307 1505 1356 1565 ll.
1372 1518 1433 1570 198.

148 1592 266 1664 Quiete
290 1591 324 1654 in
341 1592 465 1654 theatro
483 1613 517 1654 se
533 1613 645 1675 gerere
668 1591 833 1678 Epictetus
857 1592 949 1656 iubet
965 1612 1050 1655 man.
1077 1591 1221 1669 33.10.³)
1251 1627 1292 1636 -
1317 1589 1436 1674 Populi

151 1680 374 1744 crudelitatem
391 1681 545 1745 adversus
561 1683 757 1765 gladiatores
773 1687 881 1745 noster
898 1682 1069 1746 adumbrat
1085 1681 1115 1743 3.
1129 1699 1178 1760 373
1197 1702 1293 1766 quarn
1311 1679 1435 1744 Seneca

148 1769 293 1854 graviter
316 1771 491 1834 insectatur
514 1792 563 1854 ep.
582 1773 633 1836 95.
648 1788 692 1842 33.
741 1771 779 1834 In
804 1772 1022 1835 obscoenitate
1050 1771 1221 1835 mimorum
1246 1769 1435 1833 Lactantius

152 1862 224 1924 inst.
251 1861 328 1930 aa
351 1865 383 1922 et
406 1859 573 1939 Minucius,
589 1859 681 1924 Felix
705 1859 756 1923 37.
772 1877 803 1930 ra
827 1860 1003 1924 offendunt.
1052 1859 1092 1924 cf.
1122 1860 1196 1924 Jnr.
1227 1862 1331 1939 8191,
1357 1862 1433 1928 aa.

259 1949 475 2012 Acerbissime
499 1948 667 2014 luvenalis
690 1951 906 2034 reprehendit,
936 1951 1021 2034 quod
1045 1949 1142 2014 etiarn
1165 1950 1311 2014 homines
1335 1948 1436 2012 nobili

151 2037 223 2101 loco
248 2039 315 2101 nati
339 2038 504 2122 dignitatis
528 2039 608 2103 adeo
633 2038 874 2120 obliviscantur,
899 2047 934 2103 ut
957 2042 990 2103 in
1014 2059 1144 2103 scenam
1167 2039 1334 2123 prodeant.

185 2164 277 2232 8.183
324 2158 423 2241 Quid,
448 2160 478 2224 si
501 2181 684 2241 numquam
707 2162 786 2226 adeo
810 2160 915 2243 foedis
940 2162 1082 2242 adeoque
1106 2160 1275 2242 pudendis

322 2247 451 2312 utimur
474 2249 644 2332 exemplis,
669 2256 707 2314 nt
730 2272 797 2315 non
819 2250 934 2333 peiora
957 2249 1149 2332 supersint?
1174 2288 1215 2295 —

324 2335 537 2421 Consumptis
561 2339 676 2421 opibus
699 2360 816 2421 vocene,
842 2339 1060 2421 Damasippo,
1087 2337 1200 2404 locasti

323 2426 458 2509 sipario,
484 2429 663 2492 clarriesum
688 2449 799 2512 aperus
823 2433 861 2492 ut
884 2428 1032 2493 Phasma
1056 2427 1190 2494 Catulli.

146 2514 148 2520 ’
260 2585 265 2595 ,
325 2515 531 2580 Laureolum
552 2518 648 2582 aelon
671 2518 771 2582 etiam
795 2518 873 2582 bene
897 2517 1064 2582 Lautulas
1087 2517 1153 2600 epit

323 2603 432 2669 iudice
455 2627 506 2669 me
530 2605 651 2690 clipnus
674 2628 753 2672 uera
776 2627 879 2671 eruce.
927 2612 983 2671 eta.
1011 2660 1018 2673 .
1045 2658 1051 2671 .
1079 2659 1084 2670 .

217 2698 278 2760 199
327 2745 333 2756 .
361 2745 370 2782 ,μ
394 2748 399 2759 .
424 2694 519 2758 Ηαοο
542 2696 635 2760 ultra
658 2695 739 2778 quid
762 2696 826 2760 erit
848 2695 916 2760 nisi
940 2695 1062 2760 ludus?
1085 2701 1116 2760 et
1138 2695 1208 2760 illic

325 2783 464 2848 dedecus
487 2784 580 2849 urbis
604 2785 710 2868 babes,
736 2805 794 2850 nee
816 2785 1029 2850 mirmillonis
1053 2785 1088 2849 in
1114 2785 1226 2865 armis,

324 2892 383 2936 nee
406 2872 508 2955 clipeo
533 2873 719 2938 Gracchum
738 2880 947 2957 pupnantem
971 2880 1030 2939 aut
1051 2873 1137 2956 falce
1161 2873 1285 2956 supina

325 2961 463 3026 damnat
486 2963 575 3026 enim
599 2965 681 3028 tales
704 2963 835 3029 babitus
861 3016 866 3027 .
894 3015 901 3028 .
928 3013 934 3025 .
961 3016 967 3027 .

324 3101 330 3112 .
357 3104 363 3114 .
391 3104 397 3116 .
424 3105 430 3117 .
455 3058 560 3116 irroret
582 3073 651 3117 ecce
675 3053 851 3117 tridentem
874 3058 929 3117 eta

150 3176 360 3257 (3181433
406 3177 502 3243 Tales
536 3181 670 3244 iuvenes
695 3182 819 3246 Seneca
841 3181 1028 3265 perstringit
1063 3202 1112 3265 ep.
1139 3183 1246 3250 99.13.
1294 3174 1437 3258 Adspice

153 3261 227 3327 illos
251 3261 395 3346 iuuenes,
429 3286 508 3346 quos
544 3288 587 3331 ea
621 3266 836 3333 nobilissimis
868 3266 1018 3333 domibus
1052 3266 1089 3331 in
1126 3288 1262 3331 arenam
1298 3264 1437 3329 luxuria

149 3351 299 3433 proiecit.
325 3355 363 3419 In
374 3356 439 3420 alia
451 3359 590 3442 epistula
604 3357 673 3440 (87.
686 3359 717 3440 9)
731 3361 907 3444 castigatur
918 3356 979 3438 liic,
998 3356 1055 3438 qui
1067 3357 1155 3420 inter
1167 3355 1241 3420 illos
1253 3358 1438 3438 apparatus

154 3439 309 3506 delicatos
332 3444 553 3509 cummaxime
582 3445 721 3521 dubitat,
757 3451 872 3510 utrum
894 3467 928 3510 se
964 3445 1007 3510 ad
1040 3445 1191 3528 pladium
1225 3444 1304 3509 locet
1328 3464 1372 3507 an
1396 3442 1439 3506 ad

154 3531 307 3594 cultrum.
355 3534 404 3598 Ne
439 3539 621 3622 exemplum
646 3538 783 3602 Neronis
815 3539 993 3617 imitentur,
1029 3539 1084 3623 qui
1117 3537 1258 3602 maxima
1280 3536 1439 3599 industria

152 3622 393 3777 {lihamfgiffl‘}
423 3627 484 3778 prii
508 3628 676 3708 studuerit,
711 3627 774 3693 Dio
800 3626 876 3691 Ohr.
900 3628 1137 3691 Alexandrinos
1170 3632 1281 3690 monet
1303 3623 1438 3688 XXXII

220 3733 250 3795 p.
360 3735 398 3778 c.
448 3738 497 3779 uv.
1030 3749 1032 3753 ·
1300 3771 1304 3775 .

222 3837 251 3900 8.
269 3853 318 3906 198
363 3837 521 3990 νοεὸίιιιιαὸί
543 3839 632 3904 mira
656 3845 765 3904 tamen
790 3839 975 3904 citharoedo
996 3836 1151 3921 principe
1175 3836 1297 3902 mimus

367 3947 409 3990 no
431 3927 495 3990 ris.
519 3930 533 4011 )
557 3968 598 3975 -

266 4194 289 4254 1)
309 4193 345 4249 cf.
365 4193 439 4249 Phil.
459 4195 496 4250 de
515 4211 596 4264 prov.
618 4195 651 4251 ll.
675 4199 732 4252 103.
841 4197 869 4260 2)
890 4198 925 4251 ct'.
945 4196 1011 4252 Jur.
1037 4200 1118 4250 ll.⁵3.

152 4334 223 4391 dam
242 4263 533 4392 fideliloeufiimlem
552 4268 631 4338 Epiri
651 4268 801 4336 Epictetus
823 4269 955 4336 castigat,
981 4266 1057 4336 quod
1082 4267 1196 4336 turpius
1221 4264 1359 4322 comoedo
1380 4265 1439 4319 cui·

260 4405 288 4472 4)
308 4378 370 4462 aar
397 4379 444 4478 sq:
468 4381 620 4465 luvenalis
650 4410 737 4465 Acilii
766 4408 931 4464 Glabrionis
964 4410 1142 4464 mentionem
1170 4410 1249 4475 facit,
1279 4408 1329 4477 qui
1357 4407 1440 4462 iussu

153 4477 297 4547 principis
316 4479 344 4534 in
366 4495 455 4535 arena
475 4497 540 4536 curn
561 4483 637 4536 ursis
657 4486 803 4536 certarnen
824 4481 938 4537 inierat.

263 4552 289 4617 a)
310 4551 345 4605 cf.
365 4551 441 4607 Plut.
462 4553 498 4608 de
518 4553 595 4608 adul.
616 4556 645 4608 et
664 4553 747 4608 arnic.
771 4557 802 4606 12
822 4554 861 4622 (p.
883 4555 916 4608 56
938 4551 977 4619 F).
