<?xml version="1.0" encoding="UTF-8"?>
<!DOCTYPE html PUBLIC "-//W3C//DTD XHTML 1.0 Transitional//EN"
    "http://www.w3.org/TR/xhtml1/DTD/xhtml1-transitional.dtd">
<html xmlns="http://www.w3.org/1999/xhtml" xml:lang="en" lang="en">
 <head>
  <title>
</title>
<meta http-equiv="Content-Type" content="text/html;charset=utf-8" />
  <meta name='ocr-system' content='tesseract 3.04.00' />
  <meta name='ocr-capabilities' content='ocr_page ocr_carea ocr_par ocr_line ocrx_word'/>
</head>
<body>
  <div class='ocr_page' id='page_1' title='image "./juvenalisethicu00schgoog_0086.png"; bbox 0 0 3508 5302; ppageno 0'>
   <div class='ocr_carea' id='block_1_1' title="bbox 821 326 1018 389">
    <p class='ocr_par' dir='ltr' id='par_1_1' title="bbox 821 326 1018 389">
     <span class='ocr_line' id='line_1_1' title="bbox 821 326 1018 389; baseline 0.005 -20"><span class='ocrx_word' id='word_1_1' title='bbox 821 326 1018 389; x_wconf 61' lang='grc'><em>-74,</em></span> 
     </span>
    </p>
   </div>
   <div class='ocr_carea' id='block_1_2' title="bbox 278 534 1563 802">
    <p class='ocr_par' dir='ltr' id='par_1_2' title="bbox 278 534 1563 802">
     <span class='ocr_line' id='line_1_2' title="bbox 278 534 1561 621; baseline 0.003 -23"><span class='ocrx_word' id='word_1_2' title='bbox 278 534 354 617; x_wconf 75' lang='lat' dir='ltr'><em>ipsa</em></span> <span class='ocrx_word' id='word_1_3' title='bbox 381 541 560 600; x_wconf 83' lang='lat' dir='ltr'><em>mutamus.</em></span> <span class='ocrx_word' id='word_1_4' title='bbox 607 534 663 600; x_wconf 79' lang='lat' dir='ltr'><em>Sic</em></span> <span class='ocrx_word' id='word_1_5' title='bbox 692 558 731 601; x_wconf 87' lang='lat' dir='ltr'><em>ae</em></span> <span class='ocrx_word' id='word_1_6' title='bbox 756 537 813 602; x_wconf 81' lang='lat' dir='ltr'><em>ltoo</em></span> <span class='ocrx_word' id='word_1_7' title='bbox 843 536 975 618; x_wconf 78' lang='lat' dir='ltr'><em>qaidem</em></span> <span class='ocrx_word' id='word_1_8' title='bbox 999 535 1091 602; x_wconf 85' lang='lat' dir='ltr'><em>aobis</em></span> <span class='ocrx_word' id='word_1_9' title='bbox 1120 535 1279 621; x_wconf 72' lang='lat' dir='ltr'><em>coatiaqit</em></span> <span class='ocrx_word' id='word_1_10' title='bbox 1298 558 1495 619; x_wconf 73' lang='lat' dir='ltr'><em>permanete</em></span> <span class='ocrx_word' id='word_1_11' title='bbox 1524 537 1561 602; x_wconf 88' lang='lat' dir='ltr'><em>ia</em></span> 
     </span>
     <span class='ocr_line' id='line_1_3' title="bbox 278 623 1559 709; baseline 0.002 -21"><span class='ocrx_word' id='word_1_12' title='bbox 278 625 365 690; x_wconf 85' lang='lat' dir='ltr'><em>malo</em></span> <span class='ocrx_word' id='word_1_13' title='bbox 389 623 458 690; x_wconf 92' lang='lat' dir='ltr'><em>iam</em></span> <span class='ocrx_word' id='word_1_14' title='bbox 472 623 648 706; x_wconf 75' lang='lat' dir='ltr'><em>familiari.</em></span> <span class='ocrx_word' id='word_1_15' title='bbox 684 625 790 690; x_wconf 85' lang='lat' dir='ltr'><em>Alimt</em></span> <span class='ocrx_word' id='word_1_16' title='bbox 806 647 848 690; x_wconf 88' lang='lat' dir='ltr'><em>eoo</em></span> <span class='ocrx_word' id='word_1_17' title='bbox 872 626 937 692; x_wconf 87' lang='lat' dir='ltr'><em>alio</em></span> <span class='ocrx_word' id='word_1_18' title='bbox 949 627 1061 709; x_wconf 80' lang='lat' dir='ltr'><em>placet</em></span> <span class='ocrx_word' id='word_1_19' title='bbox 1083 631 1244 707; x_wconf 80' lang='lat' dir='ltr'><em>oeaatqae</em></span> <span class='ocrx_word' id='word_1_20' title='bbox 1268 647 1327 690; x_wconf 87' lang='lat' dir='ltr'><em>aos</em></span> <span class='ocrx_word' id='word_1_21' title='bbox 1344 626 1400 691; x_wconf 85' lang='lat' dir='ltr'><em>lma</em></span> <span class='ocrx_word' id='word_1_22' title='bbox 1424 648 1559 708; x_wconf 78' lang='lat' dir='ltr'><em>qaoque,</em></span> 
     </span>
     <span class='ocr_line' id='line_1_4' title="bbox 278 713 1563 802; baseline 0.005 -26"><span class='ocrx_word' id='word_1_23' title='bbox 278 714 364 793; x_wconf 78' lang='lat' dir='ltr'><em>qaod</em></span> <span class='ocrx_word' id='word_1_24' title='bbox 387 713 515 778; x_wconf 85' lang='lat' dir='ltr'><em>iadioia</em></span> <span class='ocrx_word' id='word_1_25' title='bbox 538 719 652 778; x_wconf 79' lang='lat' dir='ltr'><em>mostra</em></span> <span class='ocrx_word' id='word_1_26' title='bbox 676 737 742 780; x_wconf 87' lang='lat' dir='ltr'><em>aaa</em></span> <span class='ocrx_word' id='word_1_27' title='bbox 766 720 897 780; x_wconf 90' lang='lat' dir='ltr'><em>taatam</em></span> <span class='ocrx_word' id='word_1_28' title='bbox 915 737 1025 798; x_wconf 77' lang='lat' dir='ltr'><em>praua</em></span> <span class='ocrx_word' id='word_1_29' title='bbox 1051 716 1109 780; x_wconf 87' lang='lat' dir='ltr'><em>sed</em></span> <span class='ocrx_word' id='word_1_30' title='bbox 1132 715 1232 780; x_wconf 88' lang='lat' dir='ltr'><em>etiam</em></span> <span class='ocrx_word' id='word_1_31' title='bbox 1256 715 1341 780; x_wconf 89' lang='lat' dir='ltr'><em>leoia</em></span> <span class='ocrx_word' id='word_1_32' title='bbox 1363 721 1442 780; x_wconf 84' lang='lat' dir='ltr'><em>saut</em></span> <span class='ocrx_word' id='word_1_33' title='bbox 1466 717 1563 802; x_wconf 86' lang='lat' dir='ltr'><em>etc.¹)</em></span> 
     </span>
    </p>
   </div>
   <div class='ocr_carea' id='block_1_3' title="bbox 279 805 1367 998">
    <p class='ocr_par' dir='ltr' id='par_1_3' title="bbox 279 805 1367 998">
     <span class='ocr_line' id='line_1_5' title="bbox 279 805 557 870; baseline 0.007 -2"><span class='ocrx_word' id='word_1_34' title='bbox 279 805 319 870; x_wconf 86' lang='lat' dir='ltr'><em>cl.</em></span> <span class='ocrx_word' id='word_1_35' title='bbox 344 806 417 870; x_wconf 80' lang='lat' dir='ltr'><em>Juu.</em></span> <span class='ocrx_word' id='word_1_36' title='bbox 443 828 473 870; x_wconf 86' lang='lat' dir='ltr'><em>v.</em></span> <span class='ocrx_word' id='word_1_37' title='bbox 493 806 557 870; x_wconf 85' lang='grc'><em>236</em></span> 
     </span>
     <span class='ocr_line' id='line_1_6' title="bbox 439 907 1367 998; baseline 0.004 -24"><span class='ocrx_word' id='word_1_38' title='bbox 439 907 573 974; x_wconf 77' lang='lat' dir='ltr'><em>Mobilis</em></span> <span class='ocrx_word' id='word_1_39' title='bbox 597 915 628 974; x_wconf 90' lang='lat' dir='ltr'><em>et</em></span> <span class='ocrx_word' id='word_1_40' title='bbox 649 909 746 974; x_wconf 87' lang='lat' dir='ltr'><em>amia</em></span> <span class='ocrx_word' id='word_1_41' title='bbox 769 915 817 975; x_wconf 83' lang='lat' dir='ltr'><em>est</em></span> <span class='ocrx_word' id='word_1_42' title='bbox 839 910 943 992; x_wconf 80' lang='lat' dir='ltr'><em>ferme</em></span> <span class='ocrx_word' id='word_1_43' title='bbox 967 915 1091 975; x_wconf 86' lang='lat' dir='ltr'><em>aatara</em></span> <span class='ocrx_word' id='word_1_44' title='bbox 1114 911 1279 977; x_wconf 78' lang='lat' dir='ltr'><em>maiomam</em></span> <span class='ocrx_word' id='word_1_45' title='bbox 1303 935 1367 998; x_wconf 91' lang='lat' dir='ltr'><em>eqs.</em></span> 
     </span>
    </p>
   </div>
   <div class='ocr_carea' id='block_1_4' title="bbox 278 1019 1563 1192">
    <p class='ocr_par' dir='ltr' id='par_1_4' title="bbox 278 1019 1563 1192">
     <span class='ocr_line' id='line_1_7' title="bbox 385 1019 1563 1108; baseline 0.003 -26"><span class='ocrx_word' id='word_1_46' title='bbox 385 1019 437 1083; x_wconf 84' lang='lat' dir='ltr'><em>Ad</em></span> <span class='ocrx_word' id='word_1_47' title='bbox 465 1041 549 1083; x_wconf 85' lang='lat' dir='ltr'><em>nova</em></span> <span class='ocrx_word' id='word_1_48' title='bbox 579 1021 702 1104; x_wconf 87' lang='lat' dir='ltr'><em>flagitia</em></span> <span class='ocrx_word' id='word_1_49' title='bbox 729 1022 876 1086; x_wconf 90' lang='lat' dir='ltr'><em>homines</em></span> <span class='ocrx_word' id='word_1_50' title='bbox 905 1043 1031 1106; x_wconf 86' lang='lat' dir='ltr'><strong>semper</strong></span> <span class='ocrx_word' id='word_1_51' title='bbox 1063 1022 1190 1085; x_wconf 85' lang='lat' dir='ltr'><em>incitari</em></span> <span class='ocrx_word' id='word_1_52' title='bbox 1222 1022 1308 1085; x_wconf 86' lang='lat' dir='ltr'><em>idem</em></span> <span class='ocrx_word' id='word_1_53' title='bbox 1344 1023 1482 1106; x_wconf 86' lang='lat' dir='ltr'><em>explicat</em></span> <span class='ocrx_word' id='word_1_54' title='bbox 1510 1045 1563 1108; x_wconf 85' lang='lat' dir='ltr'><em>ep.</em></span> 
     </span>
     <span class='ocr_line' id='line_1_8' title="bbox 278 1105 1563 1192; baseline 0.002 -20"><span class='ocrx_word' id='word_1_55' title='bbox 278 1110 330 1172; x_wconf 82' lang='lat'><em>41.</em></span> <span class='ocrx_word' id='word_1_56' title='bbox 350 1127 398 1178; x_wconf 70' lang='grc' dir='ltr'><em>οτι</em></span> <span class='ocrx_word' id='word_1_57' title='bbox 428 1105 528 1172; x_wconf 88' lang='lat' dir='ltr'><em>Leois</em></span> <span class='ocrx_word' id='word_1_58' title='bbox 556 1111 604 1170; x_wconf 89' lang='lat' dir='ltr'><em>est</em></span> <span class='ocrx_word' id='word_1_59' title='bbox 630 1106 771 1191; x_wconf 81' lang='lat' dir='ltr'><em>malitia,</em></span> <span class='ocrx_word' id='word_1_60' title='bbox 805 1129 902 1192; x_wconf 80' lang='lat' dir='ltr'><em>saepe</em></span> <span class='ocrx_word' id='word_1_61' title='bbox 929 1112 1090 1191; x_wconf 76' lang='lat' dir='ltr'><em>mutatae,</em></span> <span class='ocrx_word' id='word_1_62' title='bbox 1122 1130 1188 1172; x_wconf 89' lang='lat' dir='ltr'><em>aaa</em></span> <span class='ocrx_word' id='word_1_63' title='bbox 1216 1107 1253 1172; x_wconf 90' lang='lat' dir='ltr'><em>ia</em></span> <span class='ocrx_word' id='word_1_64' title='bbox 1279 1107 1409 1191; x_wconf 88' lang='lat' dir='ltr'><em>melias,</em></span> <span class='ocrx_word' id='word_1_65' title='bbox 1440 1110 1497 1174; x_wconf 86' lang='lat' dir='ltr'><em>sed</em></span> <span class='ocrx_word' id='word_1_66' title='bbox 1524 1111 1563 1174; x_wconf 87' lang='lat' dir='ltr'><em>ia</em></span> 
     </span>
    </p>
   </div>
   <div class='ocr_carea' id='block_1_5' title="bbox 278 1195 651 1262">
    <p class='ocr_par' dir='ltr' id='par_1_5' title="bbox 278 1195 651 1262">
     <span class='ocr_line' id='line_1_9' title="bbox 278 1195 651 1262; baseline 0.008 -4"><span class='ocrx_word' id='word_1_67' title='bbox 278 1195 382 1259; x_wconf 78' lang='lat' dir='ltr'><em>attat.</em></span> <span class='ocrx_word' id='word_1_68' title='bbox 431 1197 469 1261; x_wconf 86' lang='lat' dir='ltr'><em>cf.</em></span> <span class='ocrx_word' id='word_1_69' title='bbox 494 1198 569 1261; x_wconf 83' lang='lat' dir='ltr'><em>Juv.</em></span> <span class='ocrx_word' id='word_1_70' title='bbox 587 1198 651 1262; x_wconf 85' lang='grc'><em>239</em></span> 
     </span>
    </p>
   </div>
   <div class='ocr_carea' id='block_1_6' title="bbox 277 1321 1565 2656">
    <p class='ocr_par' dir='ltr' id='par_1_6' title="bbox 277 1321 1564 1953">
     <span class='ocr_line' id='line_1_10' title="bbox 491 1321 1146 1388; baseline 0.003 -4"><span class='ocrx_word' id='word_1_71' title='bbox 491 1372 631 1386; x_wconf 93' lang='grc'><strong>.....</strong></span> <span class='ocrx_word' id='word_1_72' title='bbox 658 1323 701 1386; x_wconf 87' lang='lat' dir='ltr'><em>ad</em></span> <span class='ocrx_word' id='word_1_73' title='bbox 724 1343 830 1388; x_wconf 76' lang='lat' dir='ltr'><em>mores</em></span> <span class='ocrx_word' id='word_1_74' title='bbox 854 1327 979 1387; x_wconf 85' lang='lat' dir='ltr'><em>aotam</em></span> <span class='ocrx_word' id='word_1_75' title='bbox 1001 1321 1146 1386; x_wconf 78' lang='lat' dir='ltr'><em>resumit</em></span> 
     </span>
     <span class='ocr_line' id='line_1_11' title="bbox 490 1410 1438 1499; baseline 0.007 -26"><span class='ocrx_word' id='word_1_76' title='bbox 490 1410 664 1475; x_wconf 82' lang='lat' dir='ltr'><em>damnatos</em></span> <span class='ocrx_word' id='word_1_77' title='bbox 686 1410 758 1490; x_wconf 76' lang='lat' dir='ltr'><em>fixa</em></span> <span class='ocrx_word' id='word_1_78' title='bbox 782 1416 813 1475; x_wconf 92' lang='lat' dir='ltr'><em>et</em></span> <span class='ocrx_word' id='word_1_79' title='bbox 835 1411 961 1476; x_wconf 82' lang='lat' dir='ltr'><em>matari</em></span> <span class='ocrx_word' id='word_1_80' title='bbox 985 1411 1096 1476; x_wconf 86' lang='lat' dir='ltr'><em>aesoia</em></span> <span class='ocrx_word' id='word_1_81' title='bbox 1124 1436 1188 1499; x_wconf 86' lang='lat' dir='ltr'><em>eqs.</em></span> <span class='ocrx_word' id='word_1_82' title='bbox 1436 1485 1438 1496; x_wconf 54' lang='grc'><strong>,</strong></span> 
     </span>
     <span class='ocr_line' id='line_1_12' title="bbox 367 1498 1564 1584; baseline 0.003 -21"><span class='ocrx_word' id='word_1_83' title='bbox 367 1502 441 1564; x_wconf 88' lang='grc'><strong>243.</strong></span> <span class='ocrx_word' id='word_1_84' title='bbox 490 1498 654 1577; x_wconf 80' lang='lat' dir='ltr'><em>Qaisaam</em></span> <span class='ocrx_word' id='word_1_85' title='bbox 677 1499 847 1565; x_wconf 74' lang='lat' dir='ltr'><em>homimem</em></span> <span class='ocrx_word' id='word_1_86' title='bbox 871 1505 927 1584; x_wconf 83' lang='lat' dir='ltr'><em>est,</em></span> <span class='ocrx_word' id='word_1_87' title='bbox 957 1522 1054 1583; x_wconf 77' lang='lat' dir='ltr'><em>quem</em></span> <span class='ocrx_word' id='word_1_88' title='bbox 1077 1506 1114 1565; x_wconf 87' lang='lat' dir='ltr'><em>ta</em></span> <span class='ocrx_word' id='word_1_89' title='bbox 1138 1506 1326 1566; x_wconf 78' lang='lat' dir='ltr'><em>oooiteatam</em></span> <span class='ocrx_word' id='word_1_90' title='bbox 1348 1500 1471 1566; x_wconf 76' lang='lat' dir='ltr'><em>uideris</em></span> <span class='ocrx_word' id='word_1_91' title='bbox 1494 1523 1564 1566; x_wconf 87' lang='lat' dir='ltr'><em>mm</em></span> 
     </span>
     <span class='ocr_line' id='line_1_13' title="bbox 488 1587 1533 1676; baseline 0.016 -25"><span class='ocrx_word' id='word_1_92' title='bbox 488 1587 637 1672; x_wconf 74' lang='lat' dir='ltr'><em>flayitio?</em></span> <span class='ocrx_word' id='word_1_93' title='bbox 660 1613 726 1676; x_wconf 85' lang='lat' dir='ltr'><em>cqs.</em></span> <span class='ocrx_word' id='word_1_94' title='bbox 1531 1663 1533 1668; x_wconf 89' lang='lat'><em>.</em></span> 
     </span>
     <span class='ocr_line' id='line_1_14' title="bbox 385 1696 1562 1782; baseline 0.001 -22"><span class='ocrx_word' id='word_1_95' title='bbox 385 1697 424 1760; x_wconf 85' lang='lat' dir='ltr'><em>of.</em></span> <span class='ocrx_word' id='word_1_96' title='bbox 455 1698 530 1761; x_wconf 81' lang='lat' dir='ltr'><em>Sen.</em></span> <span class='ocrx_word' id='word_1_97' title='bbox 560 1699 651 1762; x_wconf 88' lang='lat' dir='ltr'><em>clem.</em></span> <span class='ocrx_word' id='word_1_98' title='bbox 681 1698 788 1766; x_wconf 85' lang='grc' dir='ltr'><strong>Ι.1.τ</strong></span> <span class='ocrx_word' id='word_1_99' title='bbox 824 1716 882 1760; x_wconf 87' lang='lat' dir='ltr'><em>aee</em></span> <span class='ocrx_word' id='word_1_100' title='bbox 915 1701 983 1760; x_wconf 91' lang='lat' dir='ltr'><em>tam</em></span> <span class='ocrx_word' id='word_1_101' title='bbox 1018 1701 1215 1781; x_wconf 78' lang='lat' dir='ltr'><em>temperatae</em></span> <span class='ocrx_word' id='word_1_102' title='bbox 1251 1696 1447 1782; x_wconf 78' lang='lat' dir='ltr'><em>cupiditates</em></span> <span class='ocrx_word' id='word_1_103' title='bbox 1482 1703 1562 1762; x_wconf 83' lang='lat' dir='ltr'><em>suat</em></span> 
     </span>
     <span class='ocr_line' id='line_1_15' title="bbox 277 1782 1563 1870; baseline 0.002 -22"><span class='ocrx_word' id='word_1_104' title='bbox 277 1804 444 1864; x_wconf 79' lang='lat' dir='ltr'><em>amquam,</em></span> <span class='ocrx_word' id='word_1_105' title='bbox 470 1789 507 1848; x_wconf 90' lang='lat' dir='ltr'><em>at</em></span> <span class='ocrx_word' id='word_1_106' title='bbox 530 1782 567 1847; x_wconf 90' lang='lat' dir='ltr'><em>ia</em></span> <span class='ocrx_word' id='word_1_107' title='bbox 591 1805 636 1867; x_wconf 82' lang='lat' dir='ltr'><em>eo,</em></span> <span class='ocrx_word' id='word_1_108' title='bbox 662 1787 748 1867; x_wconf 78' lang='lat' dir='ltr'><em>qaod</em></span> <span class='ocrx_word' id='word_1_109' title='bbox 764 1785 932 1869; x_wconf 71' lang='lat' dir='ltr'><em>ooatinait,</em></span> <span class='ocrx_word' id='word_1_110' title='bbox 958 1786 1121 1853; x_wconf 88' lang='lat' dir='ltr'><em>desiaaat.</em></span> <span class='ocrx_word' id='word_1_111' title='bbox 1162 1787 1297 1852; x_wconf 73' lang='lat' dir='ltr'><em>Gradus</em></span> <span class='ocrx_word' id='word_1_112' title='bbox 1322 1808 1342 1851; x_wconf 93' lang='lat' dir='ltr'><em>a</em></span> <span class='ocrx_word' id='word_1_113' title='bbox 1364 1785 1494 1870; x_wconf 72' lang='lat' dir='ltr'><em>maqais</em></span> <span class='ocrx_word' id='word_1_114' title='bbox 1518 1788 1563 1852; x_wconf 86' lang='lat' dir='ltr'><em>ad</em></span> 
     </span>
     <span class='ocr_line' id='line_1_16' title="bbox 278 1871 586 1953; baseline 0.019 -18"><span class='ocrx_word' id='word_1_115' title='bbox 278 1873 406 1938; x_wconf 77' lang='lat' dir='ltr'><em>maiora</em></span> <span class='ocrx_word' id='word_1_116' title='bbox 428 1871 467 1952; x_wconf 80' lang='lat' dir='ltr'><em>fio</em></span> <span class='ocrx_word' id='word_1_117' title='bbox 490 1874 586 1953; x_wconf 52' lang='lat' dir='ltr'><em>east)</em></span> 
     </span>
    </p>

    <p class='ocr_par' dir='ltr' id='par_1_7' title="bbox 277 1964 1565 2585">
     <span class='ocr_line' id='line_1_17' title="bbox 383 1964 1564 2052; baseline 0.002 -24"><span class='ocrx_word' id='word_1_118' title='bbox 383 1964 578 2029; x_wconf 81' lang='lat' dir='ltr'>Plutarchus</span> <span class='ocrx_word' id='word_1_119' title='bbox 605 1986 708 2050; x_wconf 88' lang='lat' dir='ltr'><em>aeque</em></span> <span class='ocrx_word' id='word_1_120' title='bbox 733 1973 828 2051; x_wconf 85' lang='lat' dir='ltr'><em>atque</em></span> <span class='ocrx_word' id='word_1_121' title='bbox 852 1966 1021 2030; x_wconf 81' lang='lat' dir='ltr'><em>luvenalis</em></span> <span class='ocrx_word' id='word_1_122' title='bbox 1048 1968 1150 2031; x_wconf 88' lang='lat' dir='ltr'><em>malos</em></span> <span class='ocrx_word' id='word_1_123' title='bbox 1174 1969 1207 2030; x_wconf 91' lang='lat' dir='ltr'><em>in</em></span> <span class='ocrx_word' id='word_1_124' title='bbox 1235 1968 1399 2052; x_wconf 86' lang='lat' dir='ltr'><em>peccando</em></span> <span class='ocrx_word' id='word_1_125' title='bbox 1423 1967 1564 2031; x_wconf 82' lang='lat' dir='ltr'><em>audaces</em></span> 
     </span>
     <span class='ocr_line' id='line_1_18' title="bbox 278 2055 1561 2140; baseline 0.002 -23"><span class='ocrx_word' id='word_1_126' title='bbox 278 2061 309 2117; x_wconf 89' lang='lat' dir='ltr'><em>et</em></span> <span class='ocrx_word' id='word_1_127' title='bbox 336 2055 460 2118; x_wconf 87' lang='lat' dir='ltr'><em>timoris</em></span> <span class='ocrx_word' id='word_1_128' title='bbox 489 2061 635 2140; x_wconf 86' lang='lat' dir='ltr'><em>expertes</em></span> <span class='ocrx_word' id='word_1_129' title='bbox 664 2076 744 2138; x_wconf 87' lang='lat' dir='ltr'><em>esse,</em></span> <span class='ocrx_word' id='word_1_130' title='bbox 774 2056 894 2120; x_wconf 83' lang='lat' dir='ltr'><em>scelere</em></span> <span class='ocrx_word' id='word_1_131' title='bbox 923 2062 1031 2120; x_wconf 85' lang='lat' dir='ltr'><em>autem</em></span> <span class='ocrx_word' id='word_1_132' title='bbox 1059 2058 1229 2121; x_wconf 88' lang='lat' dir='ltr'><em>commisso</em></span> <span class='ocrx_word' id='word_1_133' title='bbox 1259 2058 1407 2121; x_wconf 87' lang='lat' dir='ltr'><em>iniuriam</em></span> <span class='ocrx_word' id='word_1_134' title='bbox 1435 2057 1561 2121; x_wconf 89' lang='lat' dir='ltr'><em>intelle-</em></span> 
     </span>
     <span class='ocr_line' id='line_1_19' title="bbox 277 2143 1560 2231; baseline 0.002 -25"><span class='ocrx_word' id='word_1_135' title='bbox 277 2150 389 2226; x_wconf 83' lang='lat' dir='ltr'><em>gentes</em></span> <span class='ocrx_word' id='word_1_136' title='bbox 425 2143 540 2208; x_wconf 88' lang='lat' dir='ltr'><em>animis</em></span> <span class='ocrx_word' id='word_1_137' title='bbox 574 2144 711 2208; x_wconf 80' lang='lat' dir='ltr'><em>deficere</em></span> <span class='ocrx_word' id='word_1_138' title='bbox 747 2147 878 2230; x_wconf 88' lang='lat' dir='ltr'><em>exponit</em></span> <span class='ocrx_word' id='word_1_139' title='bbox 912 2168 936 2209; x_wconf 87' lang='lat' dir='ltr'><em>s.</em></span> <span class='ocrx_word' id='word_1_140' title='bbox 974 2166 1060 2209; x_wconf 92' lang='lat' dir='ltr'><em>num.</em></span> <span class='ocrx_word' id='word_1_141' title='bbox 1096 2147 1184 2209; x_wconf 83' lang='lat' dir='ltr'><em>vind.</em></span> <span class='ocrx_word' id='word_1_142' title='bbox 1221 2168 1289 2231; x_wconf 87' lang='lat' dir='ltr'><em>cap.</em></span> <span class='ocrx_word' id='word_1_143' title='bbox 1319 2148 1367 2211; x_wconf 87' lang='lat'><em>10.</em></span> <span class='ocrx_word' id='word_1_144' title='bbox 1424 2143 1463 2208; x_wconf 89' lang='grc' dir='ltr'>Ἡ</span> <span class='ocrx_word' id='word_1_145' title='bbox 1496 2149 1560 2230; x_wconf 80' lang='grc' dir='ltr'><em>γὰρ</em></span> 
     </span>
     <span class='ocr_line' id='line_1_20' title="bbox 279 2233 1565 2320; baseline 0.002 -25"><span class='ocrx_word' id='word_1_146' title='bbox 279 2233 426 2318; x_wconf 77' lang='grc' dir='ltr'><strong>ἰταμότης</strong></span> <span class='ocrx_word' id='word_1_147' title='bbox 462 2233 569 2317; x_wconf 80' lang='grc' dir='ltr'>ἐκείνη</span> <span class='ocrx_word' id='word_1_148' title='bbox 604 2236 661 2296; x_wconf 79' lang='grc' dir='ltr'><em>καὶ</em></span> <span class='ocrx_word' id='word_1_149' title='bbox 691 2236 726 2298; x_wconf 82' lang='grc' dir='ltr'><em>τὸ</em></span> <span class='ocrx_word' id='word_1_150' title='bbox 755 2235 864 2319; x_wconf 70' lang='grc' dir='ltr'><strong>θρασὺ</strong></span> <span class='ocrx_word' id='word_1_151' title='bbox 899 2244 956 2318; x_wconf 79' lang='grc' dir='ltr'><em>τῆς</em></span> <span class='ocrx_word' id='word_1_152' title='bbox 990 2235 1107 2311; x_wconf 80' lang='grc' dir='ltr'><strong>κακίας</strong></span> <span class='ocrx_word' id='word_1_153' title='bbox 1143 2239 1218 2320; x_wconf 81' lang='grc' dir='ltr'>ἄχρι</span> <span class='ocrx_word' id='word_1_154' title='bbox 1252 2245 1314 2299; x_wconf 84' lang='grc' dir='ltr'><em>τῶν</em></span> <span class='ocrx_word' id='word_1_155' title='bbox 1351 2235 1565 2319; x_wconf 76' lang='grc' dir='ltr'>ἀδικημάτων</span> 
     </span>
     <span class='ocr_line' id='line_1_21' title="bbox 279 2321 1562 2409; baseline 0 -23"><span class='ocrx_word' id='word_1_156' title='bbox 279 2321 409 2407; x_wconf 84' lang='grc' dir='ltr'>ἰσχυρόν</span> <span class='ocrx_word' id='word_1_157' title='bbox 427 2323 494 2385; x_wconf 83' lang='grc' dir='ltr'>ἐστι</span> <span class='ocrx_word' id='word_1_158' title='bbox 517 2325 573 2386; x_wconf 82' lang='grc' dir='ltr'><em>παὶ</em></span> <span class='ocrx_word' id='word_1_159' title='bbox 589 2322 769 2408; x_wconf 84' lang='grc' dir='ltr'>πρόχειρον,</span> <span class='ocrx_word' id='word_1_160' title='bbox 796 2327 863 2388; x_wconf 80' lang='grc' dir='ltr'><em>εἶτα</em></span> <span class='ocrx_word' id='word_1_161' title='bbox 878 2334 933 2387; x_wconf 86' lang='grc' dir='ltr'><em>τοῦ</em></span> <span class='ocrx_word' id='word_1_162' title='bbox 954 2324 1081 2401; x_wconf 69' lang='grc' dir='ltr'>πάθους</span> <span class='ocrx_word' id='word_1_163' title='bbox 1102 2327 1211 2408; x_wconf 79' lang='grc' dir='ltr'>ὥσπερ</span> <span class='ocrx_word' id='word_1_164' title='bbox 1239 2325 1417 2409; x_wconf 82' lang='grc' dir='ltr'>πνεύματος</span> <span class='ocrx_word' id='word_1_165' title='bbox 1437 2323 1562 2387; x_wconf 77' lang='grc' dir='ltr'>ὑπολεί-</span> 
     </span>
     <span class='ocr_line' id='line_1_22' title="bbox 277 2411 1561 2498; baseline 0.002 -25"><span class='ocrx_word' id='word_1_166' title='bbox 277 2432 390 2487; x_wconf 81' lang='grc' dir='ltr'>ποντος</span> <span class='ocrx_word' id='word_1_167' title='bbox 414 2411 553 2488; x_wconf 74' lang='grc' dir='ltr'>ἀσθενὲς</span> <span class='ocrx_word' id='word_1_168' title='bbox 578 2414 634 2475; x_wconf 83' lang='grc' dir='ltr'><em>καὶ</em></span> <span class='ocrx_word' id='word_1_169' title='bbox 661 2416 809 2477; x_wconf 81' lang='grc' dir='ltr'><em>ταπεινὸν</em></span> <span class='ocrx_word' id='word_1_170' title='bbox 837 2414 1006 2477; x_wconf 81' lang='grc' dir='ltr'>ὑποπίπτει</span> <span class='ocrx_word' id='word_1_171' title='bbox 1028 2423 1092 2489; x_wconf 85' lang='grc' dir='ltr'>τοῖς</span> <span class='ocrx_word' id='word_1_172' title='bbox 1114 2413 1221 2498; x_wconf 81' lang='grc' dir='ltr'>φόβοις</span> <span class='ocrx_word' id='word_1_173' title='bbox 1241 2415 1298 2476; x_wconf 77' lang='grc' dir='ltr'><em>καὶ</em></span> <span class='ocrx_word' id='word_1_174' title='bbox 1319 2425 1387 2490; x_wconf 85' lang='grc' dir='ltr'><em>ταῖς</em></span> <span class='ocrx_word' id='word_1_175' title='bbox 1411 2413 1561 2476; x_wconf 82' lang='grc' dir='ltr'>δεισιδαι-</span> 
     </span>
     <span class='ocr_line' id='line_1_23' title="bbox 279 2499 772 2585; baseline 0.004 -22"><span class='ocrx_word' id='word_1_176' title='bbox 279 2499 444 2585; x_wconf 74' lang='grc' dir='ltr'><em>μονίαις.3)</em></span> <span class='ocrx_word' id='word_1_177' title='bbox 491 2501 531 2564; x_wconf 87' lang='lat' dir='ltr'><em>cf.</em></span> <span class='ocrx_word' id='word_1_178' title='bbox 556 2501 631 2565; x_wconf 80' lang='lat' dir='ltr'><em>Juv.</em></span> <span class='ocrx_word' id='word_1_179' title='bbox 648 2524 679 2566; x_wconf 87' lang='lat' dir='ltr'><em>v.</em></span> <span class='ocrx_word' id='word_1_180' title='bbox 697 2502 772 2566; x_wconf 80' lang='grc'><strong>237.</strong></span> 
     </span>
    </p>

    <p class='ocr_par' dir='ltr' id='par_1_8' title="bbox 384 2589 1563 2656">
     <span class='ocr_line' id='line_1_24' title="bbox 384 2589 1563 2656; baseline 0.002 -4"><span class='ocrx_word' id='word_1_181' title='bbox 384 2589 472 2654; x_wconf 83' lang='lat' dir='ltr'><em>Deos</em></span> <span class='ocrx_word' id='word_1_182' title='bbox 496 2613 559 2656; x_wconf 93' lang='lat' dir='ltr'><em>non</em></span> <span class='ocrx_word' id='word_1_183' title='bbox 577 2592 672 2655; x_wconf 90' lang='lat' dir='ltr'><em>modo</em></span> <span class='ocrx_word' id='word_1_184' title='bbox 697 2591 868 2655; x_wconf 87' lang='lat' dir='ltr'><em>malefacta</em></span> <span class='ocrx_word' id='word_1_185' title='bbox 892 2591 948 2654; x_wconf 87' lang='lat' dir='ltr'><em>sed</em></span> <span class='ocrx_word' id='word_1_186' title='bbox 972 2591 1070 2655; x_wconf 88' lang='lat' dir='ltr'><em>etiam</em></span> <span class='ocrx_word' id='word_1_187' title='bbox 1091 2591 1209 2654; x_wconf 88' lang='lat' dir='ltr'><em>malam</em></span> <span class='ocrx_word' id='word_1_188' title='bbox 1234 2597 1374 2655; x_wconf 90' lang='lat' dir='ltr'><em>mentem</em></span> <span class='ocrx_word' id='word_1_189' title='bbox 1398 2611 1437 2654; x_wconf 89' lang='lat' dir='ltr'><em>ao</em></span> <span class='ocrx_word' id='word_1_190' title='bbox 1453 2591 1563 2654; x_wconf 92' lang='lat' dir='ltr'><em>volun·</em></span> 
     </span>
    </p>
   </div>
   <div class='ocr_carea' id='block_1_7' title="bbox 84 2665 1568 3211">
    <p class='ocr_par' dir='ltr' id='par_1_9' title="bbox 84 2665 1568 3211">
     <span class='ocr_line' id='line_1_25' title="bbox 183 2665 1568 2764; baseline 0.002 -23"><span class='ocrx_word' id='word_1_191' title='bbox 183 2665 184 2674; x_wconf 34' lang='lat'>¹</span> <span class='ocrx_word' id='word_1_192' title='bbox 277 2683 376 2742; x_wconf 88' lang='lat' dir='ltr'><em>tatem</em></span> <span class='ocrx_word' id='word_1_193' title='bbox 410 2681 526 2764; x_wconf 92' lang='lat' dir='ltr'><em>punire</em></span> <span class='ocrx_word' id='word_1_194' title='bbox 562 2682 800 2745; x_wconf 84' lang='lat' dir='ltr'><em>demonstratur</em></span> <span class='ocrx_word' id='word_1_195' title='bbox 838 2681 985 2764; x_wconf 89' lang='lat' dir='ltr'><em>exemplo</em></span> <span class='ocrx_word' id='word_1_196' title='bbox 1022 2679 1137 2744; x_wconf 87' lang='lat' dir='ltr'><em>Glauci</em></span> <span class='ocrx_word' id='word_1_197' title='bbox 1171 2681 1431 2761; x_wconf 82' lang='lat' dir='ltr'><em>Lacedaemonii,</em></span> <span class='ocrx_word' id='word_1_198' title='bbox 1471 2681 1568 2744; x_wconf 83' lang='lat' dir='ltr'><em>cuius</em></span> 
     </span>
     <span class='ocr_line' id='line_1_26' title="bbox 277 2768 1563 2855; baseline 0.002 -24"><span class='ocrx_word' id='word_1_199' title='bbox 277 2768 470 2833; x_wconf 83' lang='lat' dir='ltr'><em>Plutarchus</em></span> <span class='ocrx_word' id='word_1_200' title='bbox 493 2791 621 2855; x_wconf 84' lang='lat' dir='ltr'><em>quoque</em></span> <span class='ocrx_word' id='word_1_201' title='bbox 645 2772 840 2834; x_wconf 81' lang='lat' dir='ltr'><em>mentionem</em></span> <span class='ocrx_word' id='word_1_202' title='bbox 856 2771 946 2834; x_wconf 87' lang='lat' dir='ltr'><em>inicit</em></span> <span class='ocrx_word' id='word_1_203' title='bbox 970 2792 1029 2834; x_wconf 89' lang='lat' dir='ltr'><em>ser.</em></span> <span class='ocrx_word' id='word_1_204' title='bbox 1056 2791 1143 2834; x_wconf 88' lang='lat' dir='ltr'><em>num.</em></span> <span class='ocrx_word' id='word_1_205' title='bbox 1168 2771 1255 2834; x_wconf 83' lang='lat' dir='ltr'><em>vind.</em></span> <span class='ocrx_word' id='word_1_206' title='bbox 1281 2791 1349 2854; x_wconf 83' lang='lat' dir='ltr'><em>cap.</em></span> <span class='ocrx_word' id='word_1_207' title='bbox 1371 2773 1422 2833; x_wconf 89' lang='grc'><em>11.</em></span> <span class='ocrx_word' id='word_1_208' title='bbox 1458 2769 1563 2834; x_wconf 85' lang='lat' dir='ltr'><em>Simili</em></span> 
     </span>
     <span class='ocr_line' id='line_1_27' title="bbox 277 2857 1561 2952; baseline 0.001 -31"><span class='ocrx_word' id='word_1_209' title='bbox 277 2859 372 2921; x_wconf 91' lang='lat' dir='ltr'><em>modo</em></span> <span class='ocrx_word' id='word_1_210' title='bbox 402 2860 526 2952; x_wconf 63' lang='lat' dir='ltr'><em>Seneca</em></span> <span class='ocrx_word' id='word_1_211' title='bbox 560 2861 694 2924; x_wconf 88' lang='lat' dir='ltr'><em>iniurias</em></span> <span class='ocrx_word' id='word_1_212' title='bbox 721 2881 786 2924; x_wconf 91' lang='lat' dir='ltr'><em>non</em></span> <span class='ocrx_word' id='word_1_213' title='bbox 815 2861 921 2924; x_wconf 89' lang='lat' dir='ltr'><em>minus</em></span> <span class='ocrx_word' id='word_1_214' title='bbox 949 2861 1113 2924; x_wconf 89' lang='lat' dir='ltr'><em>voluntate</em></span> <span class='ocrx_word' id='word_1_215' title='bbox 1149 2881 1246 2944; x_wconf 91' lang='lat' dir='ltr'><em>quam</em></span> <span class='ocrx_word' id='word_1_216' title='bbox 1274 2860 1359 2923; x_wconf 86' lang='lat' dir='ltr'><em>lacto</em></span> <span class='ocrx_word' id='word_1_217' title='bbox 1390 2857 1561 2940; x_wconf 77' lang='lat' dir='ltr'><em>iudicari4)</em></span> 
     </span>
     <span class='ocr_line' id='line_1_28' title="bbox 84 2944 1565 3036; baseline -0.002 -26"><span class='ocrx_word' id='word_1_218' title='bbox 84 2961 187 3036; x_wconf 44' lang='lat' dir='ltr'><em>[mm</em></span> <span class='ocrx_word' id='word_1_219' title='bbox 278 2948 418 3012; x_wconf 84' lang='lat' dir='ltr'><em>ostendit</em></span> <span class='ocrx_word' id='word_1_220' title='bbox 452 2954 551 3027; x_wconf 64' lang='lat' dir='ltr'><em>const.</em></span> <span class='ocrx_word' id='word_1_221' title='bbox 590 2953 653 3018; x_wconf 82' lang='lat'><em>7.4</em></span> <span class='ocrx_word' id='word_1_222' title='bbox 692 2944 814 3012; x_wconf 87' lang='lat' dir='ltr'><em>Omma</em></span> <span class='ocrx_word' id='word_1_223' title='bbox 848 2947 972 3011; x_wconf 86' lang='lat' dir='ltr'><em>scelera</em></span> <span class='ocrx_word' id='word_1_224' title='bbox 1006 2945 1106 3010; x_wconf 93' lang='lat' dir='ltr'><em>etiam</em></span> <span class='ocrx_word' id='word_1_225' title='bbox 1142 2951 1216 3011; x_wconf 90' lang='lat' dir='ltr'><em>aate</em></span> <span class='ocrx_word' id='word_1_226' title='bbox 1252 2945 1406 3030; x_wconf 80' lang='lat' dir='ltr'><em>effectam</em></span> <span class='ocrx_word' id='word_1_227' title='bbox 1442 2945 1565 3031; x_wconf 75' lang='lat' dir='ltr'><em>operis,¹</em></span> 
     </span>
     <span class='ocr_line' id='line_1_29' title="bbox 277 3034 1560 3121; baseline 0.002 -23"><span class='ocrx_word' id='word_1_228' title='bbox 277 3039 440 3116; x_wconf 77' lang='lat' dir='ltr'><em>aaaatam</em></span> <span class='ocrx_word' id='word_1_229' title='bbox 469 3036 584 3121; x_wconf 75' lang='lat' dir='ltr'><em>calpae</em></span> <span class='ocrx_word' id='word_1_230' title='bbox 612 3034 695 3100; x_wconf 90' lang='lat' dir='ltr'><em>satis</em></span> <span class='ocrx_word' id='word_1_231' title='bbox 719 3041 775 3118; x_wconf 83' lang='lat' dir='ltr'><em>est,</em></span> <span class='ocrx_word' id='word_1_232' title='bbox 804 3035 951 3120; x_wconf 82' lang='lat' dir='ltr'><em>perfeeto</em></span> <span class='ocrx_word' id='word_1_233' title='bbox 978 3041 1064 3101; x_wconf 88' lang='lat' dir='ltr'><em>smot.</em></span> <span class='ocrx_word' id='word_1_234' title='bbox 1115 3038 1155 3102; x_wconf 87' lang='lat' dir='ltr'><em>cf.</em></span> <span class='ocrx_word' id='word_1_235' title='bbox 1184 3040 1221 3102; x_wconf 90' lang='lat' dir='ltr'><em>ir.</em></span> <span class='ocrx_word' id='word_1_236' title='bbox 1250 3037 1275 3102; x_wconf 93' lang='lat' dir='ltr'><em>l.</em></span> <span class='ocrx_word' id='word_1_237' title='bbox 1301 3038 1358 3107; x_wconf 89' lang='lat'><em>3.1</em></span> <span class='ocrx_word' id='word_1_238' title='bbox 1386 3087 1392 3100; x_wconf 92' lang='lat'>.</span> <span class='ocrx_word' id='word_1_239' title='bbox 1419 3087 1425 3100; x_wconf 90' lang='lat'>.</span> <span class='ocrx_word' id='word_1_240' title='bbox 1453 3090 1459 3100; x_wconf 94' lang='lat'>.</span> <span class='ocrx_word' id='word_1_241' title='bbox 1487 3090 1493 3102; x_wconf 94' lang='lat'>.</span> <span class='ocrx_word' id='word_1_242' title='bbox 1520 3088 1527 3100; x_wconf 94' lang='lat'><strong>.</strong></span> <span class='ocrx_word' id='word_1_243' title='bbox 1555 3089 1560 3100; x_wconf 94' lang='lat'>.</span> 
     </span>
     <span class='ocr_line' id='line_1_30' title="bbox 277 3122 1565 3211; baseline 0.002 -24"><span class='ocrx_word' id='word_1_244' title='bbox 277 3122 442 3188; x_wconf 86' lang='lat' dir='ltr'><em>iaimiam</em></span> <span class='ocrx_word' id='word_1_245' title='bbox 465 3124 522 3206; x_wconf 78' lang='lat' dir='ltr'><em>qai</em></span> <span class='ocrx_word' id='word_1_246' title='bbox 545 3125 698 3206; x_wconf 82' lang='lat' dir='ltr'><em>facturas</em></span> <span class='ocrx_word' id='word_1_247' title='bbox 723 3130 779 3208; x_wconf 84' lang='lat' dir='ltr'><em>est,</em></span> <span class='ocrx_word' id='word_1_248' title='bbox 805 3124 873 3189; x_wconf 90' lang='lat' dir='ltr'><em>iam</em></span> <span class='ocrx_word' id='word_1_249' title='bbox 895 3124 978 3207; x_wconf 79' lang='lat' dir='ltr'><em>facit</em></span> <span class='ocrx_word' id='word_1_250' title='bbox 1001 3128 1088 3206; x_wconf 85' lang='lat' dir='ltr'><em>(beu.</em></span> <span class='ocrx_word' id='word_1_251' title='bbox 1106 3128 1144 3190; x_wconf 91' lang='lat' dir='ltr'><em>V.</em></span> <span class='ocrx_word' id='word_1_252' title='bbox 1167 3131 1216 3192; x_wconf 84' lang='lat'><em>14.</em></span> <span class='ocrx_word' id='word_1_253' title='bbox 1229 3132 1256 3206; x_wconf 78' lang='lat'><em>2)</em></span> <span class='ocrx_word' id='word_1_254' title='bbox 1282 3127 1321 3191; x_wconf 85' lang='lat' dir='ltr'><em>cf.</em></span> <span class='ocrx_word' id='word_1_255' title='bbox 1337 3126 1413 3192; x_wconf 82' lang='lat' dir='ltr'><em>Juv.</em></span> <span class='ocrx_word' id='word_1_256' title='bbox 1432 3129 1496 3191; x_wconf 75' lang='lat'><em>209</em></span> <span class='ocrx_word' id='word_1_257' title='bbox 1514 3149 1565 3211; x_wconf 50' lang='lat' dir='ltr'><em>sq.¹</em></span> 
     </span>
    </p>
   </div>
   <div class='ocr_carea' id='block_1_8' title="bbox 490 3249 1411 3421">
    <p class='ocr_par' dir='ltr' id='par_1_10' title="bbox 490 3249 1411 3421">
     <span class='ocr_line' id='line_1_31' title="bbox 491 3249 1411 3334; baseline -0.001 -21"><span class='ocrx_word' id='word_1_258' title='bbox 491 3249 581 3314; x_wconf 91' lang='lat' dir='ltr'><em>Nam</em></span> <span class='ocrx_word' id='word_1_259' title='bbox 604 3251 711 3314; x_wconf 83' lang='lat' dir='ltr'><em>saetas</em></span> <span class='ocrx_word' id='word_1_260' title='bbox 734 3250 826 3314; x_wconf 77' lang='lat' dir='ltr'><em>intra</em></span> <span class='ocrx_word' id='word_1_261' title='bbox 848 3270 882 3314; x_wconf 89' lang='lat' dir='ltr'><em>se</em></span> <span class='ocrx_word' id='word_1_262' title='bbox 907 3249 1045 3314; x_wconf 86' lang='lat' dir='ltr'><em>tacitam</em></span> <span class='ocrx_word' id='word_1_263' title='bbox 1067 3249 1125 3332; x_wconf 78' lang='lat' dir='ltr'><em>qai</em></span> <span class='ocrx_word' id='word_1_264' title='bbox 1149 3249 1269 3334; x_wconf 72' lang='lat' dir='ltr'><em>coaitat</em></span> <span class='ocrx_word' id='word_1_265' title='bbox 1291 3249 1411 3333; x_wconf 85' lang='lat' dir='ltr'><em>alima,</em></span> 
     </span>
     <span class='ocr_line' id='line_1_32' title="bbox 490 3339 848 3421; baseline 0 -18"><span class='ocrx_word' id='word_1_266' title='bbox 490 3339 573 3421; x_wconf 82' lang='lat' dir='ltr'><em>faeti</em></span> <span class='ocrx_word' id='word_1_267' title='bbox 597 3339 721 3404; x_wconf 85' lang='lat' dir='ltr'><em>crimea</em></span> <span class='ocrx_word' id='word_1_268' title='bbox 745 3339 848 3404; x_wconf 82' lang='lat' dir='ltr'><em>habet.</em></span> 
     </span>
    </p>
   </div>
   <div class='ocr_carea' id='block_1_9' title="bbox 278 3444 1569 3713">
    <p class='ocr_par' dir='ltr' id='par_1_11' title="bbox 278 3444 1569 3713">
     <span class='ocr_line' id='line_1_33' title="bbox 385 3444 1561 3530; baseline -0.001 -21"><span class='ocrx_word' id='word_1_269' title='bbox 385 3444 516 3511; x_wconf 88' lang='lat' dir='ltr'><em>Poeaas</em></span> <span class='ocrx_word' id='word_1_270' title='bbox 539 3445 711 3526; x_wconf 77' lang='lat' dir='ltr'><em>maleficiis</em></span> <span class='ocrx_word' id='word_1_271' title='bbox 728 3445 907 3527; x_wconf 77' lang='lat' dir='ltr'><em>aliqaamlo</em></span> <span class='ocrx_word' id='word_1_272' title='bbox 931 3468 1023 3512; x_wconf 77' lang='lat' dir='ltr'><em>seras</em></span> <span class='ocrx_word' id='word_1_273' title='bbox 1040 3451 1194 3530; x_wconf 79' lang='lat' dir='ltr'><em>occupato</em></span> <span class='ocrx_word' id='word_1_274' title='bbox 1219 3447 1276 3511; x_wconf 86' lang='lat' dir='ltr'><em>deo</em></span> <span class='ocrx_word' id='word_1_275' title='bbox 1298 3445 1335 3509; x_wconf 89' lang='lat' dir='ltr'><em>ia</em></span> <span class='ocrx_word' id='word_1_276' title='bbox 1359 3450 1453 3510; x_wconf 90' lang='lat' dir='ltr'><em>taata</em></span> <span class='ocrx_word' id='word_1_277' title='bbox 1468 3444 1561 3526; x_wconf 84' lang='lat' dir='ltr'><em>mole,</em></span> 
     </span>
     <span class='ocr_line' id='line_1_34' title="bbox 278 3535 1569 3624; baseline 0.002 -26"><span class='ocrx_word' id='word_1_278' title='bbox 278 3555 461 3616; x_wconf 78' lang='lat' dir='ltr'><em>aamqaam</em></span> <span class='ocrx_word' id='word_1_279' title='bbox 486 3541 596 3601; x_wconf 83' lang='lat' dir='ltr'><em>autem</em></span> <span class='ocrx_word' id='word_1_280' title='bbox 615 3535 732 3600; x_wconf 82' lang='lat' dir='ltr'><em>imitas</em></span> <span class='ocrx_word' id='word_1_281' title='bbox 756 3557 833 3619; x_wconf 84' lang='lat' dir='ltr'><em>esse,</em></span> <span class='ocrx_word' id='word_1_282' title='bbox 859 3540 944 3624; x_wconf 91' lang='lat' dir='ltr'><em>quod</em></span> <span class='ocrx_word' id='word_1_283' title='bbox 961 3539 1087 3602; x_wconf 86' lang='lat' dir='ltr'><em>Plinius</em></span> <span class='ocrx_word' id='word_1_284' title='bbox 1111 3538 1188 3602; x_wconf 86' lang='lat' dir='ltr'><em>dicit</em></span> <span class='ocrx_word' id='word_1_285' title='bbox 1210 3559 1241 3602; x_wconf 89' lang='lat' dir='ltr'><em>n.</em></span> <span class='ocrx_word' id='word_1_286' title='bbox 1267 3539 1297 3601; x_wconf 89' lang='lat' dir='ltr'><em>h.</em></span> <span class='ocrx_word' id='word_1_287' title='bbox 1316 3537 1357 3602; x_wconf 91' lang='grc' dir='ltr'><em>ΙΙ.</em></span> <span class='ocrx_word' id='word_1_288' title='bbox 1377 3537 1429 3619; x_wconf 86' lang='grc'><em>26,</em></span> <span class='ocrx_word' id='word_1_289' title='bbox 1454 3543 1569 3600; x_wconf 70' lang='lat' dir='ltr'><em>noster</em></span> 
     </span>
     <span class='ocr_line' id='line_1_35' title="bbox 278 3626 711 3713; baseline 0.009 -25"><span class='ocrx_word' id='word_1_290' title='bbox 278 3626 389 3690; x_wconf 88' lang='lat' dir='ltr'><em>ultimo</em></span> <span class='ocrx_word' id='word_1_291' title='bbox 413 3649 509 3692; x_wconf 86' lang='lat' dir='ltr'><em>versu</em></span> <span class='ocrx_word' id='word_1_292' title='bbox 531 3629 711 3713; x_wconf 82' lang='lat' dir='ltr'><em>profitetur:</em></span> 
     </span>
    </p>
   </div>
   <div class='ocr_carea' id='block_1_10' title="bbox 490 3733 1449 3903">
    <p class='ocr_par' dir='ltr' id='par_1_12' title="bbox 490 3733 1449 3903">
     <span class='ocr_line' id='line_1_36' title="bbox 705 3733 980 3815; baseline -0.007 -17"><span class='ocrx_word' id='word_1_293' title='bbox 705 3734 848 3815; x_wconf 83' lang='lat' dir='ltr'><em>fatebere</em></span> <span class='ocrx_word' id='word_1_294' title='bbox 874 3733 980 3797; x_wconf 85' lang='lat' dir='ltr'><em>laetas</em></span> 
     </span>
     <span class='ocr_line' id='line_1_37' title="bbox 490 3821 1449 3903; baseline -0.003 -16"><span class='ocrx_word' id='word_1_295' title='bbox 490 3843 548 3887; x_wconf 89' lang='lat' dir='ltr'><em>aec</em></span> <span class='ocrx_word' id='word_1_296' title='bbox 572 3824 707 3887; x_wconf 86' lang='lat' dir='ltr'><em>tamtam</em></span> <span class='ocrx_word' id='word_1_297' title='bbox 730 3843 789 3886; x_wconf 87' lang='lat' dir='ltr'><em>aec</em></span> <span class='ocrx_word' id='word_1_298' title='bbox 810 3821 970 3886; x_wconf 75' lang='lat' dir='ltr'><em>Teresiam</em></span> <span class='ocrx_word' id='word_1_299' title='bbox 993 3842 1189 3903; x_wconf 78' lang='lat' dir='ltr'><em>quemquam</em></span> <span class='ocrx_word' id='word_1_300' title='bbox 1213 3842 1280 3885; x_wconf 89' lang='lat' dir='ltr'><em>esse</em></span> <span class='ocrx_word' id='word_1_301' title='bbox 1304 3822 1449 3886; x_wconf 82' lang='lat' dir='ltr'><em>demam.</em></span> 
     </span>
    </p>
   </div>
   <div class='ocr_carea' id='block_1_11' title="bbox 277 3927 1567 4196">
    <p class='ocr_par' dir='ltr' id='par_1_13' title="bbox 277 3927 1567 4196">
     <span class='ocr_line' id='line_1_38' title="bbox 386 3927 1567 4015; baseline -0.001 -21"><span class='ocrx_word' id='word_1_302' title='bbox 386 3931 426 3994; x_wconf 87' lang='lat' dir='ltr'><em>of.</em></span> <span class='ocrx_word' id='word_1_303' title='bbox 458 3931 543 3996; x_wconf 85' lang='lat' dir='ltr'><em>Plut.</em></span> <span class='ocrx_word' id='word_1_304' title='bbox 574 3955 633 3996; x_wconf 89' lang='lat' dir='ltr'><em>ser.</em></span> <span class='ocrx_word' id='word_1_305' title='bbox 664 3954 751 3996; x_wconf 93' lang='lat' dir='ltr'><em>num.</em></span> <span class='ocrx_word' id='word_1_306' title='bbox 787 3933 873 3996; x_wconf 80' lang='lat' dir='ltr'><em>vind.</em></span> <span class='ocrx_word' id='word_1_307' title='bbox 899 3931 930 3994; x_wconf 87' lang='grc'><em>6.</em></span> <span class='ocrx_word' id='word_1_308' title='bbox 989 3931 1100 3994; x_wconf 82' lang='grc' dir='ltr'>δίδωσι</span> <span class='ocrx_word' id='word_1_309' title='bbox 1131 3927 1215 4014; x_wconf 81' lang='lat' dir='ltr'><em>(scil.</em></span> <span class='ocrx_word' id='word_1_310' title='bbox 1252 3928 1345 4014; x_wconf 77' lang='grc' dir='ltr'><strong>θεὸς)</strong></span> <span class='ocrx_word' id='word_1_311' title='bbox 1376 3941 1431 3994; x_wconf 83' lang='grc' dir='ltr'><em>τοῦ</em></span> <span class='ocrx_word' id='word_1_312' title='bbox 1469 3951 1567 4015; x_wconf 79' lang='grc' dir='ltr'>μετα·</span> 
     </span>
     <span class='ocr_line' id='line_1_39' title="bbox 279 4019 1565 4107; baseline -0.002 -22"><span class='ocrx_word' id='word_1_313' title='bbox 279 4020 462 4105; x_wconf 72' lang='grc' dir='ltr'><strong>βάλλεσθαι</strong></span> <span class='ocrx_word' id='word_1_314' title='bbox 477 4022 602 4105; x_wconf 85' lang='grc' dir='ltr'>χρόνον.</span> <span class='ocrx_word' id='word_1_315' title='bbox 639 4020 718 4086; x_wconf 82' lang='grc' dir='ltr'><em>Ἐὰν</em></span> <span class='ocrx_word' id='word_1_316' title='bbox 733 4019 950 4107; x_wconf 80' lang='grc' dir='ltr'>δ’ἐπιμένωσι,</span> <span class='ocrx_word' id='word_1_317' title='bbox 967 4023 1023 4084; x_wconf 83' lang='grc' dir='ltr'><em>καὶ</em></span> <span class='ocrx_word' id='word_1_318' title='bbox 1035 4021 1154 4097; x_wconf 80' lang='grc' dir='ltr'>τούτοις</span> <span class='ocrx_word' id='word_1_319' title='bbox 1167 4021 1318 4084; x_wconf 79' lang='grc' dir='ltr'>ἀπέδωκε</span> <span class='ocrx_word' id='word_1_320' title='bbox 1330 4020 1388 4103; x_wconf 82' lang='grc' dir='ltr'><em>τὴν</em></span> <span class='ocrx_word' id='word_1_321' title='bbox 1403 4019 1497 4102; x_wconf 75' lang='grc' dir='ltr'>δίκην</span> <span class='ocrx_word' id='word_1_322' title='bbox 1509 4046 1515 4060; x_wconf 90' lang='grc'><em>·</em></span> <span class='ocrx_word' id='word_1_323' title='bbox 1526 4021 1565 4083; x_wconf 85' lang='grc' dir='ltr'><em>οὐ</em></span> 
     </span>
     <span class='ocr_line' id='line_1_40' title="bbox 277 4109 866 4196; baseline 0.002 -23"><span class='ocrx_word' id='word_1_324' title='bbox 277 4111 340 4194; x_wconf 80' lang='grc' dir='ltr'><em>γάρ</em></span> <span class='ocrx_word' id='word_1_325' title='bbox 366 4132 426 4173; x_wconf 90' lang='grc' dir='ltr'><em>που</em></span> <span class='ocrx_word' id='word_1_326' title='bbox 451 4110 546 4188; x_wconf 83' lang='grc' dir='ltr'>δέδιε,</span> <span class='ocrx_word' id='word_1_327' title='bbox 573 4112 616 4196; x_wconf 76' lang='grc' dir='ltr'><em>μὴ</em></span> <span class='ocrx_word' id='word_1_328' title='bbox 643 4109 866 4195; x_wconf 65' lang='grc' dir='ltr'><em>διαφύγωσιῧ)</em></span> 
     </span>
    </p>
   </div>
   <div class='ocr_carea' id='block_1_12' title="bbox 278 4286 1564 4641">
    <p class='ocr_par' dir='ltr' id='par_1_14' title="bbox 388 4286 1081 4357">
     <span class='ocr_line' id='line_1_41' title="bbox 388 4286 1081 4357; baseline -0.006 -15"><span class='ocrx_word' id='word_1_329' title='bbox 388 4287 414 4353; x_wconf 93' lang='grc'><em>1)</em></span> <span class='ocrx_word' id='word_1_330' title='bbox 433 4287 469 4342; x_wconf 85' lang='lat' dir='ltr'><em>cf.</em></span> <span class='ocrx_word' id='word_1_331' title='bbox 489 4286 563 4342; x_wconf 88' lang='lat' dir='ltr'><em>Plut.</em></span> <span class='ocrx_word' id='word_1_332' title='bbox 585 4287 611 4342; x_wconf 87' lang='lat' dir='ltr'><em>d.</em></span> <span class='ocrx_word' id='word_1_333' title='bbox 632 4302 653 4341; x_wconf 79' lang='lat' dir='ltr'><em>s</em></span> <span class='ocrx_word' id='word_1_334' title='bbox 674 4303 753 4342; x_wconf 92' lang='lat' dir='ltr'><em>num.</em></span> <span class='ocrx_word' id='word_1_335' title='bbox 774 4287 853 4342; x_wconf 90' lang='lat' dir='ltr'><em>vind.</em></span> <span class='ocrx_word' id='word_1_336' title='bbox 869 4290 900 4341; x_wconf 95' lang='grc'><em>11</em></span> <span class='ocrx_word' id='word_1_337' title='bbox 921 4304 948 4357; x_wconf 88' lang='lat' dir='ltr'><em>p.</em></span> <span class='ocrx_word' id='word_1_338' title='bbox 963 4286 1081 4342; x_wconf 81' lang='grc'><strong>55601).</strong></span> 
     </span>
    </p>

    <p class='ocr_par' dir='ltr' id='par_1_15' title="bbox 384 4358 1091 4429">
     <span class='ocr_line' id='line_1_42' title="bbox 384 4358 1091 4429; baseline -0.007 -15"><span class='ocrx_word' id='word_1_339' title='bbox 384 4361 413 4424; x_wconf 78' lang='lat'><em>2)</em></span> <span class='ocrx_word' id='word_1_340' title='bbox 433 4359 469 4414; x_wconf 87' lang='lat' dir='ltr'><em>cf.</em></span> <span class='ocrx_word' id='word_1_341' title='bbox 490 4374 532 4429; x_wconf 87' lang='lat' dir='ltr'><em>cp.</em></span> <span class='ocrx_word' id='word_1_342' title='bbox 553 4363 632 4427; x_wconf 76' lang='grc'><strong>25.3;</strong></span> <span class='ocrx_word' id='word_1_343' title='bbox 652 4359 730 4414; x_wconf 83' lang='lat' dir='ltr'><em>brev.</em></span> <span class='ocrx_word' id='word_1_344' title='bbox 752 4375 779 4411; x_wconf 90' lang='lat' dir='ltr'><em>v.</em></span> <span class='ocrx_word' id='word_1_345' title='bbox 794 4363 854 4428; x_wconf 86' lang='lat'><strong>6.3;</strong></span> <span class='ocrx_word' id='word_1_346' title='bbox 875 4359 957 4413; x_wconf 91' lang='lat' dir='ltr'><em>clem.</em></span> <span class='ocrx_word' id='word_1_347' title='bbox 977 4358 997 4412; x_wconf 89' lang='lat' dir='ltr'><em>l.</em></span> <span class='ocrx_word' id='word_1_348' title='bbox 1018 4360 1059 4413; x_wconf 85' lang='lat'><em>13.</em></span> <span class='ocrx_word' id='word_1_349' title='bbox 1070 4365 1091 4409; x_wconf 81' lang='lat'><em>2.</em></span> 
     </span>
    </p>

    <p class='ocr_par' dir='ltr' id='par_1_16' title="bbox 385 4431 787 4496">
     <span class='ocr_line' id='line_1_43' title="bbox 385 4431 787 4496; baseline -0.002 -11"><span class='ocrx_word' id='word_1_350' title='bbox 385 4431 413 4496; x_wconf 87' lang='grc'><em>3)</em></span> <span class='ocrx_word' id='word_1_351' title='bbox 433 4433 468 4486; x_wconf 80' lang='lat' dir='ltr'><em>cl.</em></span> <span class='ocrx_word' id='word_1_352' title='bbox 489 4432 555 4486; x_wconf 80' lang='lat' dir='ltr'><em>lav,</em></span> <span class='ocrx_word' id='word_1_353' title='bbox 575 4447 622 4485; x_wconf 90' lang='lat' dir='ltr'><em>vv.</em></span> <span class='ocrx_word' id='word_1_354' title='bbox 637 4432 787 4485; x_wconf 79' lang='grc'><strong>223-232.</strong></span> 
     </span>
    </p>

    <p class='ocr_par' dir='ltr' id='par_1_17' title="bbox 278 4497 1564 4641">
     <span class='ocr_line' id='line_1_44' title="bbox 385 4497 1564 4568; baseline -0.003 -12"><span class='ocrx_word' id='word_1_355' title='bbox 385 4502 413 4568; x_wconf 90' lang='grc'><em>4)</em></span> <span class='ocrx_word' id='word_1_356' title='bbox 434 4502 561 4558; x_wconf 88' lang='lat' dir='ltr'><em>Eandem</em></span> <span class='ocrx_word' id='word_1_357' title='bbox 592 4502 756 4556; x_wconf 85' lang='lat' dir='ltr'><em>doctrinam</em></span> <span class='ocrx_word' id='word_1_358' title='bbox 786 4500 954 4555; x_wconf 88' lang='lat' dir='ltr'><em>invenimus</em></span> <span class='ocrx_word' id='word_1_359' title='bbox 976 4501 1008 4556; x_wconf 90' lang='lat' dir='ltr'><em>in</em></span> <span class='ocrx_word' id='word_1_360' title='bbox 1035 4500 1122 4555; x_wconf 83' lang='lat' dir='ltr'><em>Arist.</em></span> <span class='ocrx_word' id='word_1_361' title='bbox 1147 4499 1205 4554; x_wconf 88' lang='lat' dir='ltr'><em>eth.</em></span> <span class='ocrx_word' id='word_1_362' title='bbox 1233 4497 1296 4552; x_wconf 90' lang='lat' dir='ltr'><em>Nic.</em></span> <span class='ocrx_word' id='word_1_363' title='bbox 1320 4497 1449 4554; x_wconf 78' lang='lat' dir='ltr'><em>muno</em></span> <span class='ocrx_word' id='word_1_364' title='bbox 1473 4497 1564 4567; x_wconf 83' lang='lat' dir='ltr'><em>(apud</em></span> 
     </span>
     <span class='ocr_line' id='line_1_45' title="bbox 278 4569 1564 4641; baseline -0.001 -16"><span class='ocrx_word' id='word_1_365' title='bbox 278 4569 324 4626; x_wconf 88' lang='lat' dir='ltr'><em>Ps.</em></span> <span class='ocrx_word' id='word_1_366' title='bbox 339 4571 428 4628; x_wconf 89' lang='lat' dir='ltr'><em>Phoc.</em></span> <span class='ocrx_word' id='word_1_367' title='bbox 448 4591 476 4627; x_wconf 91' lang='lat' dir='ltr'><em>v.</em></span> <span class='ocrx_word' id='word_1_368' title='bbox 494 4574 539 4641; x_wconf 87' lang='grc'><em>52)</em></span> <span class='ocrx_word' id='word_1_369' title='bbox 555 4574 590 4630; x_wconf 86' lang='lat' dir='ltr'><em>cf.</em></span> <span class='ocrx_word' id='word_1_370' title='bbox 606 4572 634 4627; x_wconf 86' lang='lat' dir='ltr'><em>L.</em></span> <span class='ocrx_word' id='word_1_371' title='bbox 648 4572 791 4640; x_wconf 84' lang='lat' dir='ltr'><em>Schmidt,</em></span> <span class='ocrx_word' id='word_1_372' title='bbox 810 4572 843 4626; x_wconf 89' lang='lat' dir='ltr'><em>D.</em></span> <span class='ocrx_word' id='word_1_373' title='bbox 858 4570 946 4626; x_wconf 85' lang='lat' dir='ltr'><em>Ethik</em></span> <span class='ocrx_word' id='word_1_374' title='bbox 966 4571 993 4626; x_wconf 88' lang='lat' dir='ltr'><em>d.</em></span> <span class='ocrx_word' id='word_1_375' title='bbox 1014 4571 1091 4626; x_wconf 90' lang='lat' dir='ltr'><em>alten</em></span> <span class='ocrx_word' id='word_1_376' title='bbox 1113 4570 1158 4625; x_wconf 84' lang='lat' dir='ltr'><em>Gr.</em></span> <span class='ocrx_word' id='word_1_377' title='bbox 1179 4569 1246 4624; x_wconf 87' lang='grc'><strong>158.</strong></span> <span class='ocrx_word' id='word_1_378' title='bbox 1320 4569 1347 4636; x_wconf 82' lang='grc'><em>5)</em></span> <span class='ocrx_word' id='word_1_379' title='bbox 1368 4569 1403 4625; x_wconf 89' lang='lat' dir='ltr'><em>cf.</em></span> <span class='ocrx_word' id='word_1_380' title='bbox 1424 4583 1485 4639; x_wconf 86' lang='lat' dir='ltr'><em>cap.</em></span> <span class='ocrx_word' id='word_1_381' title='bbox 1504 4569 1564 4624; x_wconf 88' lang='lat' dir='ltr'><em>XV.</em></span> 
     </span>
    </p>
   </div>
   <div class='ocr_carea' id='block_1_13' title="bbox 0 0 1759 5302">
    <p class='ocr_par' dir='ltr' id='par_1_18' title="bbox 0 0 1759 5302">
     <span class='ocr_line' id='line_1_46' title="bbox 0 0 1759 5302; baseline 0 0"><span class='ocrx_word' id='word_1_382' title='bbox 0 0 1759 5302; x_wconf 95' lang='lat' dir='ltr'><em> </em></span> 
     </span>
    </p>
   </div>
  </div>
 </body>
</html>
