3508 5302
689 363 886 428 -83-

144 574 343 658 Comparare
373 572 473 653 iuvat,
505 574 665 658 quomodo
692 573 856 639 Lucienus
879 575 1067 661 Menippum
1095 599 1169 642 cum
1194 577 1356 644 Charonte
1384 581 1424 645 de

143 664 294 728 mercede
318 663 529 726 altercantem
546 662 657 728 faciat:
683 664 757 728 dial.
775 671 868 729 mort.
888 666 939 728 22.
959 664 1016 730 Oh.
1042 663 1190 745 Ἀπόδος,
1208 669 1233 731 ώ
1249 670 1422 754 κατάρατε,

143 757 184 818 τά
200 753 375 837 πορθμεῖα.
415 751 498 816 Μου.
516 749 594 828 Βόα,
619 754 645 816 εἰ
660 753 753 817 τούιό
770 775 829 830 σοι,
849 755 874 816 ώ
893 753 1023 839 Χάρων,
1042 756 1142 838 ἥδιον.
1192 755 1249 821 Oh.
1275 755 1421 836 Ἀπόδος,

142 843 234 928 φημί,
266 840 387 905 ἀνθ’ών
416 863 453 904 σε
483 842 794 926 διεπορθμεύσαμεν.
842 842 926 906 Men.
964 840 1033 908 Ούκ
1063 847 1101 910 ἂν
1126 843 1234 926 λάβοις
1257 851 1346 931 παρὰ
1369 858 1423 912 τοῦ

144 933 188 1018 μὴ
214 934 350 1017 ἔχοντος.
398 929 455 995 Ch.
479 927 572 993 Ἐστι
596 931 632 994 δέ
656 953 700 1006 τις
723 931 835 1016 ὀβολόν
861 933 904 1017 μὴ
930 935 1027 1018 ἔχων;
1055 956 1086 996 κ.
1111 957 1137 997 τ.
1163 936 1191 999 λ.
1202 935 1226 1014 1)

249 1019 382 1084 Judiccs
405 1019 584 1084 inferorum
608 1017 652 1101 (v.
679 1019 737 1101 52)
761 1042 780 1084 a
803 1019 946 1086 Lucieno
971 1044 1035 1086 non
1058 1024 1189 1108 illepide
1205 1032 1424 1090 memorantur

141 1111 173 1174 d.
197 1111 274 1173 luet.
301 1111 330 1173 ί.
376 1105 536 1194 Ὕπαρχοι
565 1109 600 1171 δὲ
628 1110 684 1171 καί
709 1110 873 1193 σατράπαι
896 1112 953 1174 καὶ
982 1113 1133 1175 δικασταί
1160 1113 1325 1196 κάθηνται
1355 1116 1421 1192 δύο,

140 1198 248 1275 Μίνως
271 1219 305 1262 τε
328 1200 385 1260 καί
408 1195 638 1283 Ῥαδαμάνθυς
661 1198 689 1260 οἱ
712 1197 839 1282 Κρῆτες
862 1222 893 1262 κ.
918 1222 944 1263 τ.
969 1201 997 1263 λ.
1024 1201 1064 1266 cf.
1089 1202 1159 1286 lup.
1185 1203 1268 1267 conf.
1298 1205 1346 1267 18.

250 1287 341 1359 Quae
365 1286 527 1352 Homerus
555 1287 594 1350 de
621 1286 721 1352 Ulixis
745 1290 907 1352 erroribus
935 1290 1043 1370 refert,
1074 1297 1138 1355 tam
1167 1298 1370 1357 monstruosa
1394 1295 1423 1357 ei

140 1378 300 1456 videntur,
326 1382 360 1439 ut
382 1399 421 1441 ea
445 1397 509 1440 non
533 1377 636 1460 magis
660 1377 820 1441 credenda
844 1399 913 1442 esse
936 1385 1027 1464 putet
1050 1402 1147 1464 quam
1171 1382 1318 1447 hominos
1342 1404 1420 1462 esse,

139 1468 197 1553 qui
220 1487 318 1531 carne
341 1467 483 1530 humana
506 1472 688 1530 vescentur.
736 1465 841 1537 Quam
858 1470 1131 1554 comparationem
1155 1471 1328 1536 absurdam
1352 1494 1422 1536 esse

141 1562 228 1621 recte
250 1563 361 1620 monet
383 1556 614 1620 Friedlaender
636 1557 670 1619 in
695 1558 927 1621 commentario
943 1580 973 1643 p.
993 1561 1067 1623 574.
1094 1559 1133 1622 ci.
1151 1560 1220 1624 Iur.
1242 1562 1420 1632 lbra-23.

141 1647 206 1711 Sed
229 1651 340 1710 nostra
363 1645 396 1709 id
419 1646 552 1709 minime
575 1645 717 1708 interest.
743 1681 784 1688 —
809 1645 915 1710 Etiam
947 1647 1071 1712 Seneca
1102 1649 1242 1713 affirmat
1265 1671 1314 1735 ep.
1340 1650 1418 1720 79.1

140 1734 281 1820 Scyllam
314 1754 431 1800 sarram
470 1755 531 1799 esse
564 1737 592 1799 et
626 1734 750 1816 quidem
784 1755 853 1800 aori
888 1736 1026 1801 terribile
1060 1739 1288 1823 aaeipaatibas
1313 1790 1318 1802 .
1346 1788 1352 1801 .
1380 1789 1386 1801 .
1413 1785 1419 1797 .

141 1823 321 1908 Charybdis
354 1843 399 1888 aa
434 1824 631 1906 respoudeat,
665 1825 779 1908 iuquit,
810 1823 942 1906 fabalis,
974 1827 1127 1908 perscribi
1161 1827 1242 1892 rrribi
1271 1828 1419 1892 desidero.

139 1913 310 1979 Mendacio
333 1913 436 1977 Ulixis
460 1934 480 1976 a
501 1911 645 1978 Lucieno
668 1914 930 1998 perstringuntur
952 1937 1018 1979 ver.
1042 1916 1114 1980 hist.
1140 1916 1174 1981 3:
1200 1914 1361 2002 Ἀρχηγός
1384 1918 1420 1980 δὲ

140 2007 247 2080 αὐτοῖς
268 1999 354 2086 (scil.
378 2012 441 2079 τοῖς
463 2004 616 2086 τεράστια
637 2004 693 2066 καί
714 2002 847 2088 μυθώδη
871 2003 1127 2089 συγγεγραφόσι)
1147 2008 1204 2069 καί
1224 2007 1421 2082 διδάσκαλος

138 2103 196 2176 τῆς
228 2093 377 2176 τοιαύτης
409 2092 609 2177 βωμολοχίας
644 2092 660 2154 ό
688 2102 742 2155 τοῦ
773 2089 917 2177 Ὁμήρου
947 2090 1134 2173 Ὀδυσσεύς,
1168 2105 1231 2171 τοῖς
1262 2097 1335 2179 περὶ
1366 2100 1419 2160 τόν

138 2179 309 2246 Ἀλκίνουν
348 2180 583 2264 διηγούμενοςῖ)
623 2181 749 2265 ἀνέμων
791 2203 825 2245 τε
866 2181 1043 2261 δουλείαν3)
1080 2186 1137 2247 καὶ
1175 2184 1421 2269 μονοφθάλμους

137 2272 195 2334 καί
224 2270 415 2355 ὠμοφάγους
443 2271 500 2332 καὶ
528 2270 657 2354 ἀγρίους
686 2272 773 2346 τινάς
808 2271 1045 2355 ἀνθρώπους,4)
1070 2275 1114 2337 ἔτι
1149 2274 1184 2336 δὲ
1208 2273 1420 2357 πολυκέφαλα

137 2357 243 2444 ζῷαῧ)
272 2361 328 2422 καὶ
355 2361 412 2434 τάς
435 2359 497 2420 ύπό
525 2359 705 2443 φαρμάκων
733 2367 795 2423 τῶν
824 2360 958 2444 ἑταίρων
989 2360 1212 2446 μεταβολάςθ)
1241 2365 1292 2425 οία
1316 2363 1420 2427 πολλά

138 2449 261 2524 ἐκεῖνος
300 2448 342 2524 ώς
375 2451 455 2531 πρός
490 2448 615 2524 ἰδιώτας
651 2446 844 2531 ἀνθρώπους
882 2450 1113 2533 ἐτερατεύσατο
1152 2454 1224 2527 τοὺς
1268 2450 1419 2527 Φαίακας

136 2560 169 2600 κ,
184 2535 286 2618 ais)
311 2571 353 2580 -

244 2625 385 2690 Maxime
402 2631 510 2690 autern
526 2625 688 2692 Iuvenalis
706 2628 919 2692 alienorum
942 2630 1136 2693 numinum
1160 2629 1418 2693 caerimonias

136 2721 174 2780 et
197 2737 307 2780 sacra
331 2736 443 2780 eorum
467 2716 621 2800 increpat,
646 2739 729 2800 quae
752 2719 816 2781 iem
832 2716 1042 2782 Antisthenes
1066 2725 1097 2782 et
1117 2719 1282 2803 Diogenes
1306 2717 1418 2803 Cynici

136 2805 275 2870 illusisse
299 2803 495 2886 dicuntur.³)
543 2804 606 2868 Sed
629 2807 768 2890 plurima
796 2807 1061 2892 philosophorum
1086 2809 1277 2888 testimonia,
1302 2808 1418 2892 quibus

136 2895 217 2960 haec
261 2895 445 2979 superstitio
489 2893 673 2978 castigatur,
719 2919 777 2981 per
818 2903 925 2980 patres
965 2898 1197 2962 ecclesiasticos
1243 2899 1417 2962 memoriae

136 2983 265 3068 prodita
288 2990 372 3063 sunt,
396 2991 431 3047 ut
459 2985 659 3067 Augustinus
688 2987 830 3051 Senecae
857 2988 958 3050 verba
991 2987 1111 3068 laudat,
1140 2987 1256 3071 quibus
1279 3008 1417 3073 magnae

136 3073 280 3151 matris9)
319 3074 423 3138 cultus
455 3074 658 3158 turpissimus
692 3083 723 3140 et
758 3076 995 3140 crudelissimus
1031 3077 1264 3141 condemnatur
1295 3077 1334 3140 fr.
1360 3078 1415 3141 34:

136 3162 206 3245 Ille,
231 3163 349 3244 iuquit,
373 3161 481 3227 viriles
503 3164 564 3228 sibi
580 3169 688 3246 partes
703 3169 857 3247 coaptabat,
882 3165 936 3230 ille
951 3166 1079 3231 lacertos
1092 3170 1192 3232 secat.
1207 3216 1213 3229 .
1231 3217 1237 3230 .
1254 3166 1292 3231 ia
1307 3166 1416 3249 repiae

136 3251 284 3317 libidinis
307 3251 495 3333 voluptatem
519 3256 649 3317 castrati
671 3259 748 3319 sard
762 3255 911 3336 qaidarra·
932 3256 984 3319 scd
1004 3275 1096 3320 acmo
1111 3256 1181 3336 sibi,
1205 3255 1415 3334 revirescet,

135 3341 260 3406 iabeate
284 3341 413 3406 dorairro
440 3360 558 3406 macas
585 3343 714 3408 iatalit:
741 3365 771 3408 sc
799 3345 863 3426 ipsi
886 3344 923 3409 ia
947 3344 1069 3425 templis
1091 3345 1323 3425 contrucidaret,
1347 3343 1416 3408 aab·

134 3430 266 3496 aeribus
287 3431 354 3495 sais
377 3450 413 3494 ac
439 3431 601 3513 saapaiae
627 3433 809 3514 supplicant
836 3432 942 3511 aar)
993 3432 1052 3497 Isti
1087 3433 1228 3498 semiviri
1258 3455 1277 3496 a
1306 3439 1415 3498 nostro

135 3520 416 3584 vehementissime
449 3520 641 3604 sugillantur
669 3523 762 3592 dela
787 3544 832 3605 sq.
859 3525 888 3586 8.
903 3537 951 3592 176
969 3545 1014 3606 sq.
1041 3523 1080 3587 ci.
1106 3525 1136 3586 2.
1154 3543 1200 3593 111

244 3677 269 3743 1)
289 3676 325 3733 cf.
346 3677 373 3738 d.
393 3678 462 3733 luat.
485 3681 529 3746 103
552 3683 634 3734 mort.
655 3679 724 3734 dial.
746 3683 817 3734 11.4.
838 3679 943 3749 catapl.
965 3684 988 3734 1.
1005 3688 1036 3730 19.

243 3749 271 3816 2)
291 3748 327 3804 cf.
349 3765 373 3804 v.
390 3753 430 3804 14.
539 3752 570 3817 3)
592 3751 627 3806 cf.
649 3769 675 3805 v.
689 3752 730 3806 20.
840 3752 868 3814 4)
889 3752 924 3806 ci.
945 3756 1028 3807 v.18.
1136 3753 1165 3819 5)
1186 3751 1221 3806 cf.
1240 3768 1267 3805 v.
1282 3754 1314 3806 19
1335 3751 1413 3820 (Min.

136 3819 268 3886 Mida).
378 3822 406 3886 6)
426 3820 559 3876 civit.
669 3825 696 3888 7)
711 3823 746 3878 cf.
761 3839 787 3878 v.
802 3821 1086 3893 ‘la-Quamquam
1100 3823 1150 3878 hic
1163 3823 1238 3878 liber
1253 3823 1414 3880 Lucianeus

133 3891 290 3946 sententiis
309 3891 493 3962 philosophis
512 3894 686 3962 vacatinisi
705 3895 781 3950 forte
800 3894 918 3950 fabulae
938 3895 1078 3951 obscurae
1097 3909 1115 3949 a
1134 3894 1274 3964 sophistis
1294 3895 1413 3965 quibus-

133 3962 204 4018 dam
223 3961 416 4032 Pythagoreis
436 3965 487 4018 aut
505 3964 664 4020 Platonicis
687 3967 717 4021 in
746 3965 902 4021 ridiculum
928 3966 1140 4036 detorquentur
1167 3965 1254 4034 teoni.
1276 3981 1338 4036 cap.
1358 3965 1413 4034 4)]‚

134 4033 208 4089 haec
227 4034 318 4089 verba
335 4038 453 4104 propter
472 4035 697 4092 similitudinem
715 4037 847 4093 locorum
867 4039 986 4092 contuli.

241 4104 268 4172 8)
289 4105 324 4160 ci.
340 4105 441 4172 Zeller,
456 4105 582 4166 ll.1⁴sao.
600 4108 647 4174 (cf.
662 4108 787 4176 Norden,
807 4109 903 4164 annal.
916 4109 988 4177 phil.
1002 4109 1098 4179 suppl.
1114 4111 1145 4162 18
1159 4125 1186 4178 p.
1200 4109 1271 4175 337).
1292 4107 1413 4164 Bionem

133 4175 236 4243 Syriae
255 4175 327 4232 deae
354 4191 436 4233 sacra
461 4178 657 4246 exagitavisse
676 4180 842 4248 suspicatur
862 4179 966 4247 Hense,
991 4180 1050 4235 Tel.
1070 4180 1121 4235 rel.
1140 4179 1235 4236 XLIX.
1257 4180 1413 4235 -Demo-

134 4248 410 4385 uactem(p11ysteria
429 4250 611 4387 rpcusavisse
628 4249 673 4304 Ps
688 4251 752 4307 Luc.
767 4255 866 4306 narrat
880 4267 902 4305 c.
920 4256 960 4305 11.
996 4251 1081 4306 Philo
1094 4267 1129 4306 ea
1142 4253 1253 4322 spernit
1266 4251 1302 4307 de
1316 4251 1412 4307 sacrif.

137 4322 169 4373 19
189 4334 231 4388 sq.
294 4323 373 4376 ‚260
392 4335 434 4390 sq.

238 4390 265 4458 9)
291 4390 397 4460 Magna
425 4393 565 4446 meteret
585 4391 692 4461 Cybele
720 4393 771 4448 iila
800 4395 895 4448 aetate
923 4407 979 4448 non
999 4393 1059 4449 iam
1089 4393 1347 4464 distinguebantur
1376 4395 1412 4450 cf.

134 4461 271 4530 Roscher,
291 4463 383 4532 myth.
404 4464 470 4519 Lex.
492 4465 559 4518 1659
579 4478 620 4533 sq.

226 4533 269 4600 10)
288 4534 323 4589 ci.
344 4533 419 4591 Plut.
438 4535 475 4590 de
495 4539 618 4606 superst.
639 4537 672 4590 10
695 4536 762 4591 Luc.
787 4535 855 4590 dial.
881 4535 959 4591 deor.
980 4539 1026 4603 123
1046 4536 1125 4592 Varr.
1146 4552 1168 4592 s
1189 4535 1224 4592 M.
1243 4536 1278 4592 fr.
1301 4539 1349 4591 119
1368 4552 1410 4606 sq.

136 4607 185 4660 149
206 4620 247 4675 sq.
268 4605 367 4671 (Olem.
389 4607 432 4662 Al.
452 4613 540 4677 protr.
557 4608 588 4663 15
608 4622 650 4676 sq.
669 4606 737 4662 Min.
757 4606 815 4663 sel.
835 4609 913 4676 ‘2243
934 4610 1004 4666 94.4.
1024 4608 1101 4664 Lact.
1122 4609 1218 4672 Ill-5,
1237 4611 1279 4662 91.
1292 4609 1335 4674 ιι).

1269 4716 1303 4769 6.
