3512 5324
845 307 1041 371 ..40-

410 515 460 580 De
492 517 615 582 ancillis
652 519 870 603 ministrisque
903 519 996 583 simili
1030 520 1126 583 modo
1159 541 1197 582 ac
1231 520 1400 584 luvenalis
1435 518 1586 584 Clemens

304 607 446 692 loquitur
473 605 532 670 ΙΙΙ.
556 609 613 671 26:
646 607 841 693 nappurarl)
871 609 906 671 δέ
933 611 990 672 καὶ
1017 609 1217 693 κομμώτριαι
1245 611 1318 693 περὶ
1345 612 1403 686 τὰς
1429 619 1586 695 γυναῖκας

305 696 584 782 ἀμφιπολεύουσιν,
612 696 644 759 αἱ
670 698 725 782 μὲν
750 700 789 760 τὰ
817 698 995 782 κάτοπτρα,
1021 697 1053 761 αἱ
1077 698 1113 760 δὲ
1135 701 1207 775 τοὺς
1229 698 1463 782 κεκρυφάλους,
1489 699 1586 768 ἄλλαι

302 789 375 863 τοὺς
402 785 526 864 κτένας,
559 789 734 870 εὐνοῦχοι
761 787 898 850 πολλοὶ
925 788 991 850 καὶ
1019 789 1121 850 οὗτοι
1151 785 1405 872 μαστροποίῖ)
1444 788 1483 851 cf.
1509 788 1584 853 Juv.

304 899 356 940 rv.
382 873 447 939 366
464 897 510 959 sq.

501 978 589 1044 Sunt
611 1001 693 1061 quas
717 979 887 1044 eunuolii
910 978 1055 1044 imbelles
1080 1000 1116 1044 ac
1139 979 1253 1045 mollia
1276 1001 1405 1062 semper

503 1069 614 1134 oscula
638 1069 797 1134 delectent
820 1073 851 1133 et
874 1067 1060 1152 desperatio
1085 1069 1202 1134 barbae
1227 1079 1285 1136 etc.

304 1197 344 1260 cf.
373 1200 459 1266 Lau·
506 1195 594 1261 Inter
631 1196 780 1263 dominae
819 1218 928 1262 servos
961 1197 993 1260 in
1028 1197 1170 1260 Senecae
1204 1218 1332 1281 quoque
1364 1197 1471 1261 libello
1505 1219 1585 1262 enu-

304 1299 447 1350 meratur
474 1284 511 1349 tr.
534 1285 591 1350 51:
616 1282 653 1347 iu
677 1284 808 1367 lonpam
835 1303 1049 1365 securamque
1082 1281 1253 1347 libidinem
1284 1285 1585 1366 exsectussparlm

303 1373 363 1440 sub
388 1371 506 1454 auibus
530 1371 727 1454 nominibus,
753 1375 866 1459 inquit,
891 1372 1036 1438 adulteri
1052 1371 1256 1437 delitescant.
1287 1375 1326 1438 ef.
1345 1375 1382 1440 tr.
1402 1377 1452 1439 64.
1478 1376 1584 1448 Quam

305 1466 345 1529 ob
369 1486 499 1528 oausam
523 1464 637 1528 merito
662 1464 840 1550 interrogat
857 1465 980 1528 Seneca
999 1464 1039 1528 fr.
1058 1465 1114 1529 53:
1141 1513 1147 1524 .
1175 1513 1181 1524 .
1208 1461 1313 1543 .quid
1332 1462 1469 1544 prodest
1485 1461 1585 1527 etiam

305 1549 446 1634 dilipens
479 1551 637 1634 custodia,
675 1571 749 1616 cum
783 1573 871 1616 uuor
900 1550 1026 1616 seruari
1054 1550 1226 1632 impudica
1253 1572 1319 1615 non
1344 1551 1481 1634 possit.
1509 1601 1515 1614 .
1542 1601 1548 1612 .
1577 1603 1584 1617 .

305 1638 443 1725 difficile
460 1640 654 1723 custoditur,
667 1640 753 1722 qnod
764 1641 882 1722 plures
894 1644 1016 1705 amant.
1042 1642 1133 1706 ldem
1151 1643 1358 1727 conqueritur
1375 1643 1449 1707 Juv.
1460 1666 1491 1707 r.
1503 1643 1566 1706 347
1575 1667 1583 1707 ε

461 1764 564 1847 ,Ροκο
588 1785 696 1829 seram
716 1764 874 1847 probibe‘.
921 1764 987 1830 sea
1010 1765 1084 1847 quis
1108 1763 1267 1829 custodiet
1290 1763 1379 1847 ipsos

464 1853 635 1919 custodes?
670 1852 777 1919 Cauta
801 1858 849 1918 est
872 1858 903 1918 et
926 1856 965 1920 ab
990 1854 1058 1920 illis
1082 1853 1201 1936 incipit
1224 1875 1311 1918 naor
1336 1907 1343 1920 .
1370 1906 1376 1918 .
1404 1906 1410 1918 .
1437 1907 1443 1919 .

412 1981 611 2066 Superbae
643 1988 820 2054 matronae,
857 1982 943 2066 quod
975 1982 1181 2046 nobilitate
1212 1983 1378 2066 glariaque.
1410 1983 1515 2066 gentis
1546 2004 1585 2046 se

304 2072 450 2136 iactent
477 2071 686 2134 vehementer
713 2071 938 2157 vituperantur
964 2093 1015 2135 vv.
1041 2072 1225 2136 rer-184.
1273 2070 1364 2142 Quae
1390 2072 1491 2136 rerba
1520 2094 1584 2137 uon

303 2161 400 2226 nimis
424 2160 575 2224 differunt
599 2162 639 2225 ab
663 2161 712 2241 iis,
738 2181 821 2244 quae
844 2160 967 2225 faciunt
990 2160 1182 2224 Plutarchus
1205 2168 1395 2244 personatus
1420 2168 1451 2225 et
1474 2162 1584 2226 Peric-

304 2253 390 2315 tione
422 2248 657 2335 philosopha.³)
714 2249 774 2314 Ille
807 2250 964 2336 optimum
997 2272 1066 2314 esse
1097 2250 1185 2314 ducit
1217 2250 1255 2313 (le
1291 2251 1340 2313 ed.
1375 2273 1464 2334 puer.
1497 2273 1523 2315 c.
1544 2255 1584 2317 19

305 2340 488 2425 ἐγγυᾶσθαι
513 2387 518 2400 .
545 2388 552 2400 .
579 2387 585 2400 .
612 2388 618 2400 .
642 2349 705 2415 τοῖς
733 2339 808 2416 υἱοῖς
835 2350 991 2424 γυναῖκας
1016 2338 1095 2425 μήτε
1120 2339 1346 2423 εὐγενεστέρας
1369 2340 1478 2423 πολλῷ
1504 2340 1585 2426 μήτε

303 2427 584 2512 placuerimus
625 2429 665 2492 cf.
683 2429 757 2492 Juv.
777 2430 854 2493 167:

414 2550 506 2615 Malo
529 2549 730 2615 Venusinam
754 2572 854 2632 quam
878 2557 917 2633 a,
943 2549 1107 2627 Cornelia,
1131 2555 1237 2616 mater

415 2639 648 2720 Gracchorum,
673 2639 703 2704 si
727 2660 801 2704 oum
823 2640 955 2724 mapnis
977 2640 1156 2705 uirtutibus
1181 2640 1292 2722 adfers

414 2729 539 2814 prande
563 2728 781 2811 supercilium
804 2735 835 2794 et
857 2751 1014 2796 numeras
1038 2729 1074 2794 in
1098 2731 1169 2795 dote
1193 2730 1377 2813 triumphos
1401 2755 1465 2817 eqs.

410 2855 608 2921 Nocturna
640 2858 768 2941 iurgia
799 2858 890 2921 lecti
924 2879 943 2921 a
971 2859 1133 2943 plerisque
1160 2858 1299 2922 inimicis
1327 2880 1421 2923 sexus
1452 2858 1585 2922 feminei

303 2952 606 3010 commemorantur.
647 2945 767 3011 Noster
789 2947 869 3011 haec
891 2949 1040 3031 praebet:
1065 2949 1129 3011 265

507 3065 644 3149 Semper
667 3067 762 3132 babet
785 3067 858 3133 lites
883 3069 1074 3150 alternaque
1098 3067 1210 3151 iurpia
1235 3070 1345 3151 lectur,

508 3155 546 3219 in
569 3176 631 3237 auo
655 3163 763 3239 nupta
786 3156 880 3239 iacet,
904 3157 1083 3222 minimum
1105 3157 1270 3222 dormitur
1293 3159 1330 3224 in
1354 3159 1420 3225 illo.

508 3244 602 3308 Tune
625 3246 736 3328 prauis
760 3245 820 3311 illa
843 3247 922 3330 ciro,
949 3252 1027 3311 tunc
1052 3247 1130 3312 orba
1153 3247 1272 3330 tipride
1292 3249 1397 3331 peior,

510 3354 585 3398 cnm
607 3334 746 3400 simulat
767 3336 909 3420 pemitus
935 3336 1052 3402 occulti
1076 3337 1205 3400 conscia
1227 3337 1319 3420 facti,

510 3428 569 3488 aut
592 3423 660 3489 odit
679 3446 802 3508 pueros
827 3431 886 3490 aut
907 3425 985 3506 ficta
1003 3425 1131 3508 paelice
1151 3426 1264 3508 plorat
1287 3437 1347 3494 etc.

303 3553 345 3616 ef.
370 3552 507 3617 Nicostr.
532 3573 582 3636 ap.
606 3552 651 3616 St.
677 3553 729 3616 84.
741 3570 775 3623 63
800 3555 854 3626 (Μ.
871 3577 902 3640 p.
922 3557 976 3634 67)
994 3553 1049 3619 Ἐν
1065 3559 1153 3638 ὕπνῳ
1177 3557 1233 3618 καὶ
1250 3557 1282 3618 ἐν
1299 3565 1337 3639 τῇ
1353 3557 1428 3638 εὐνῇ
1447 3556 1583 3639 μάλιστα

304 3642 333 3705 οἱ
362 3643 473 3726 ἄνδρες
499 3641 736 3726 ἐξαπατώμεθα
759 3677 765 3689 ·
794 3644 973 3727 φυλακτέον
998 3644 1033 3706 δέ
1058 3643 1199 3727 ἑσπέραν
1225 3647 1281 3728 μὲν
1309 3644 1514 3720 κολακείας.
1541 3693 1547 3706 .
1575 3694 1581 3706 .

305 3731 409 3795 ἕωθεν
433 3733 468 3795 δέ
493 3781 499 3794 .
526 3780 532 3793 .
559 3780 565 3794 .
592 3731 748 3816 θορύβους
778 3736 834 3797 καὶ
862 3734 1015 3818 κραυγαῖς.
1046 3769 1087 3777 -
1117 3732 1191 3796 Sea.
1216 3733 1255 3796 fr.
1281 3735 1338 3797 49:
1369 3729 1500 3794 Deinde
1520 3751 1583 3813 per

413 3979 438 4042 1)
457 3981 557 4032 alil.

412 4051 440 4111 2)
460 4048 496 4106 cf.
521 4049 608 4105 Olem.
636 4051 688 4106 lll.
712 4053 736 4117 5,
762 4053 804 4106 29.
831 4081 864 4089 -
891 4051 1030 4106 Homines
1049 4059 1139 4120 annas
1160 4051 1308 4122 simiaspa
1329 4051 1447 4107 annectis
1470 4051 1583 4106 animos

302 4122 514 4249 pompottrilcurn
540 4124 831 4249 tanlOPfflsssrejgefe’
855 4125 888 4178 ut
912 4123 1221 4250 eorumdconslpliglcct
1254 4124 1367 4250 nnbppt
1398 4125 1427 4178 et
1455 4123 1582 4249 divplrtpa

304 4208 1191 4349 atilaartatitillata}alatrinus
1215 4211 1343 4322 alala
1366 4208 1583 4334 irritata?

300 4339 368 4406 serso
386 4340 487 4392 auctor
506 4335 628 4391 obscure
648 4337 795 4406 srgmficat
814 4355 839 4391 v.
853 4342 870 4392 4
884 4354 925 4407 sq.
1392 4368 1393 4372 =

411 4408 439 4473 3)
460 4423 505 4478 ap.
524 4405 602 4462 Stob.
622 4408 764 4475 85.19(M.
784 4426 812 4478 p.
834 4411 934 4472 lata).

411 4480 439 4546 4)
459 4479 507 4549 [cf.
527 4478 658 4534 Cleobuli
682 4479 761 4535 dicta
785 4496 831 4549 ap.
855 4480 933 4537 Stob.
956 4484 1024 4533 lara
1048 4479 1093 4547 (H.
1114 4496 1140 4549 p.
1163 4481 1220 4534 113.
1231 4479 1282 4547 5)];
1302 4479 1477 4534 ambitiosae
1497 4480 1582 4533 casti-

304 4553 411 4619 gantur
430 4551 495 4606 Sen.
514 4551 552 4606 ad
572 4550 653 4606 llelv.
678 4555 716 4605 14.
726 4557 747 4601 a.
