3512 5324
860 357 1058 418 ..22-

318 575 460 650 uomebat,
478 573 513 633 ut
535 569 643 652 edout,
667 569 775 650 eduut,
793 573 829 632 ut
852 573 994 649 uomaut,
1003 567 1030 650 ¹)
1046 570 1161 632 acerbe
1185 567 1352 633 luvenalis
1377 571 1601 654 reprehendit:

321 662 372 724 ll·
388 679 437 730 174

480 797 485 810 .
512 795 518 807 .
547 795 552 807 .
580 793 586 806 .
612 745 674 811 Ille
694 745 831 830 fruatm·

478 835 604 902 uocibus
627 835 762 900 obscenis
785 837 934 916 omnique
958 835 1104 900 libidimis
1127 839 1208 917 arte,

478 927 535 1007 pui
558 925 846 989 Lacedaemonium
869 925 1037 1006 pytismate
1060 924 1197 989 lubricat
1219 924 1332 988 orbem.

338 1035 367 1096 6.
380 1050 432 1102 425
481 1079 486 1090 -
514 1079 520 1090 ·
548 1079 553 1091 .
580 1032 707 1096 taudem
730 1031 789 1095 illa
812 1033 899 1096 vertit
920 1031 1149 1114 rcobicuudulu,
1174 1036 1272 1096 lotcom

478 1120 692 1202 oenophorum
715 1121 826 1185 silicus
828 1169 968 1184 .....

370 1245 430 1298 129.
477 1229 553 1292 olum
577 1227 659 1292 redit
680 1232 709 1292 et
732 1228 793 1292 loto
816 1232 937 1292 terram
959 1226 1035 1310 ferit
1058 1229 1218 1293 iulestiuo.

477 1314 697 1382 Marmoribus
719 1318 784 1381 rivi
802 1322 990 1399 properaret,
1014 1322 1133 1381 aurata
1156 1316 1337 1382 Falernum

473 1407 573 1487 peluis
597 1405 670 1486 olet;
695 1427 773 1471 uam
797 1407 841 1470 sic
865 1411 1027 1487 tamquam
1051 1406 1120 1470 alta
1142 1406 1180 1470 iu
1204 1405 1290 1470 dolio
1315 1405 1431 1491 leupus

475 1495 623 1560 deciderit
644 1515 779 1576 sapone,
803 1495 880 1559 bibit
901 1500 930 1558 et
952 1493 1058 1559 uomit.
1106 1518 1171 1579 eqs.
1198 1495 1238 1558 cf.
1256 1498 1360 1564 11111.

424 1619 497 1683 Seu.
515 1641 565 1703 ep.
584 1622 635 1684 95.
650 1637 692 1688 21,
717 1618 794 1684 Nou
818 1616 1119 1702 11111111κ1111111111>
1135 1616 1372 1702 peroipilaut,²)
1393 1638 1462 1684 uou
1486 1619 1600 1684 miuios

314 1710 439 1789 poturit,
464 1713 492 1772 et
508 1709 572 1773 oleo
587 1713 616 1772 et
630 1729 715 1772 mero
730 1709 815 1773 uiros
825 1712 1009 1792 provocarit.
1046 1708 1152 1790 Aeque
1166 1709 1279 1773 iuuitis
1293 1707 1415 1792 imposta
1430 1709 1599 1774 uisceribus

313 1816 371 1878 per
403 1817 436 1861 os
463 1797 603 1862 redduul
629 1802 657 1861 et
688 1797 802 1861 uiuum
830 1818 921 1862 omue
951 1797 1070 1861 uomitu
1101 1796 1356 1876 reuertimus)
1404 1798 1444 1861 cf.
1474 1799 1512 1862 tr.
1543 1800 1594 1862 65.

316 1883 437 1950 Omnes
457 1887 596 1971 denique
619 1887 793 1970 pudicitiae
816 1888 904 1970 leges
927 1908 947 1950 1
969 1887 1140 1951 vinolentis
1156 1887 1240 1950 laedi
1256 1888 1435 1951 illustratur
1450 1888 1599 1952 versibus

316 1975 345 2037 6.
359 1991 412 2043 311
427 2005 467 2058 sq.
488 1991 542 2045 300
555 2005 596 2060 sq.
626 1975 665 2039 cf.
691 1975 765 2039 Sen.
791 1997 841 2061 ep.
860 1977 912 2040 83.
925 1994 967 2044 20.
998 2011 1035 2019 -
1067 1978 1118 2040 Ab
1147 1978 1244 2041 ebriis
1271 1977 1366 2040 facile
1395 1977 1598 2041 adversarios

313 2063 483 2154 victoriam
506 2069 671 2147 reportare
693 2063 860 2129 luvenalis
885 2066 962 2128 dicit
981 2067 1029 2128 15.
1044 2084 1091 2135 472

539 2187 639 2268 Adde,
664 2190 747 2270 quod
769 2188 927 2269 etfacilis
949 2187 1083 2252 oric-toria
1106 2189 1143 2252 de
1166 2190 1306 2254 madidis
1328 2194 1356 2252 et

542 2277 653 2342 blaesis
676 2282 769 2359 atque
790 2299 875 2342 onero
899 2277 1148 2359 ritoumu'bush

421 2400 460 2464 of.
479 2401 552 2466 Seu.
570 2423 619 2487 ep,
638 2403 689 2466 83.
704 2419 747 2472 21,
772 2399 891 2486 Capito,
914 2421 995 2482 picas
1017 2401 1118 2467 clades
1136 2401 1269 2467 ediderit
1290 2401 1420 2484 publica
1447 2401 1596 2484 ebriatum

313 2488 387 2554 baec
409 2490 582 2556 acerrimas
602 2495 707 2575 pentes
727 2491 944 2573 bellicosasque
964 2491 1104 2556 hostibus
1119 2491 1255 2556 tradidit
1271 2541 1278 2554 .
1297 2540 1303 2552 .
1324 2540 1330 2552 .
1350 2540 1356 2551 .
1375 2491 1449 2558 leaeo
1463 2492 1606 2558 iuuictos·

313 2579 378 2647 ocu
400 2600 486 2644 mero
509 2579 639 2644 dourreit.

418 2668 535 2732 Rixas
564 2670 813 2734 convivarum
837 2670 1083 2748 vinolentorum,
1108 2670 1220 2754 quales
1243 2676 1352 2734 noster
1375 2692 1440 2735 non
1463 2671 1595 2756 illepide

312 2757 465 2823 describit
479 2759 510 2823 5.
525 2776 557 2828 26
569 2791 612 2843 sq.
644 2759 768 2823 Seneca
792 2759 963 2823 adumbrat
986 2781 1035 2843 ep.
1053 2759 1104 2823 83.
1119 2776 1161 2828 20.
1197 2759 1271 2823 buv.

523 2883 644 2966 Jurpia
663 2883 854 2966 proludunt,
879 2883 932 2948 sed
954 2903 1027 2947 mooe
1049 2885 1078 2946 et
1098 2883 1212 2964 pocula
1235 2887 1359 2964 laques

524 2974 653 3037 soricius
675 2976 703 3035 et
724 2971 825 3036 rrobra
848 2973 987 3055 deterpes
1012 2971 1145 3036 proluere
1168 2991 1297 3054 mappa,

525 3059 610 3126 iuter
632 3081 685 3125 uos
708 3060 852 3142 piraticus
876 3060 1117 3142 libertorumque
1139 3060 1293 3126 cobortem

522 3169 636 3233 pupua
658 3149 845 3233 Saprmtiuu
866 3149 964 3232 feruet
986 3150 1149 3215 commissa
1173 3149 1298 3236 lapouo.

419 3273 494 3338 Senss
526 3273 620 3339 Tam
650 3270 734 3357 (scil.
768 3275 795 3338 si
826 3276 933 3339 ebrius
966 3271 1030 3358 est)
1058 3273 1209 3357 polislaus
1235 3295 1304 3340 uou
1334 3273 1492 3359 liupuum,
1522 3295 1592 3340 uon

311 3381 448 3427 mauum
470 3357 651 3442 coutiuet.⁵)

417 3452 523 3516 Etiam
551 3452 766 3516 turbulentius
794 3453 977 3517 convivium
1006 3458 1064 3531 est,
1095 3454 1181 3540 quod
1208 3452 1301 3517 Philo
1328 3458 1439 3518 narrat
1466 3452 1507 3517 de
1534 3455 1590 3517 vit.

311 3546 394 3604 cont.
420 3543 450 3623 5,,
484 3549 516 3605 11
547 3543 649 3626 magis
683 3543 833 3606 convenit
865 3543 906 3606 ad
939 3548 997 3606 rat.
1024 3545 1074 3622 15,
1109 3542 1165 3606 ubi
1196 3542 1396 3623 describitur,
1430 3543 1592 3628 quomodo

309 3631 435 3693 incolae
459 3631 601 3716 oppiduli
618 3631 769 3716 Aegyptii
794 3631 955 3695 civitatem
979 3631 1149 3695 finitimam
1172 3635 1305 3713 tempore
1320 3630 1398 3713 festo
1421 3637 1593 3696 cenantem

310 3720 502 3803 opprimant.
551 3721 635 3786 Satis
659 3727 707 3784 est
729 3721 788 3785 hos
811 3743 924 3786 versus
948 3742 1150 3805 comparere:

309 3878 372 3946 ipse
396 3879 457 3939 περὶ
481 3879 565 3944 petae
588 3878 706 3947 scripsit
726 3877 746 3932 l.
765 3880 864 3945 35111.
884 3878 931 3945 (ct.
956 3894 983 3931 v.
1007 3878 1118 3943 Arnim,
1141 3893 1169 3947 p.
1190 3881 1249 3946 101,
1274 3878 1378 3935 Philol.
1405 3879 1519 3936 Unters.
1543 3879 1591 3949 XI,

310 3947 509 4014 Quellenstud.
528 3965 564 4004 uu
587 3948 672 4004 Philo
693 3951 782 4015 1888.)
821 3951 915 4004 Antea
939 3963 1003 4004 eam
1028 3950 1178 4004 materiam
1202 3953 1381 4006 tractaverat
1399 3951 1593 4008 Antisthenes

304 4020 355 4086 11).
370 4020 399 4073 h.
414 4019 459 4074 VI.
478 4020 529 4086 18).
560 4019 625 4076 Seu.
646 4023 830 4091 ep.83,9--27.
861 4019 948 4075 Olem.
968 4020 1053 4089 paed.
1070 4021 1105 4076 11.
1126 4035 1188 4091 cap.
1206 4024 1230 4078 2.
1263 4021 1349 4088 (Plut.
1369 4022 1589 4093 (1131111114).

308 4090 569 4223 Plin.14)cap.2t.
682 4092 706 4160 1)
725 4091 789 4147 Sen.
809 4091 847 4146 ad
866 4091 1029 4148 Heluius
1048 4092 1084 4148 cf.
1104 4092 1161 4148 Cic.
1180 4092 1334 4150 11111123.

416 4165 431 4216 2
464 4167 776 4220 1.6.3ο2,1ο9;11.111.

414 4234 443 4296 3)
463 4233 498 4288 ct.
513 4233 602 4289 clem.
614 4236 698 4304 paed.
712 4234 745 4289 u.
759 4238 801 4289 33.
822 4263 855 4271 -
869 4231 1042 4289 Vinolentae
1056 4234 1183 4290 feminee
1200 4235 1236 4290 ab
1252 4234 1446 4304 Aristophane
1463 4235 1593 4306 aliisque

309 4305 428 4360 comicis
446 4305 476 4360 in
491 4319 609 4360 scenam
621 4306 830 4376 producuntur,
844 4307 876 4361 ut
889 4319 946 4360 non
961 4306 1101 4361 miremur
1117 4306 1173 4362 hoc
1186 4311 1391 4374 argumentum
1409 4307 1440 4362 in
1459 4307 1589 4377 philoso-

308 4375 434 4446 phorum
447 4391 563 4446 quoque
576 4377 713 4432 diatribis
725 4377 859 4432 inveniri.
879 4375 1012 4433 irrisoria
1022 4377 1100 4432 enirn
1113 4379 1209 4446 poesis
1223 4379 1252 4432 et
1264 4377 1451 4446 philosophie
1464 4381 1589 4447 anguste

307 4449 385 4502 inter
409 4462 440 4502 se
465 4461 591 4503 conexae
615 4452 692 4517 suut,
717 4448 794 4517 quod
818 4448 927 4517 optime
948 4462 964 4503 e
983 4448 1179 4518 'theophrasti
1201 4449 1349 4518 personati
1369 4449 1592 4506 clraracteribus

308 4522 396 4588 patet.
417 4519 453 4572 cf.
472 4518 507 4574 11.
528 4520 596 4574 Aur.
609 4519 656 4574 XI.
671 4523 694 4573 6.
713 4520 789 4584 (Seu.
810 4519 889 4574 brev.
908 4535 934 4573 v.
950 4520 1031 4587 121.)
1055 4579 1057 4586 Ι

414 4589 443 4656 4)
463 4589 499 4644 11.
519 4589 584 4646 Sen.
604 4590 641 4646 de
660 4590 704 4645 ira
717 4590 752 4646 ΙΙ.
767 4592 808 4645 28.
816 4599 836 4640 8.
855 4591 876 4645 Ι.
892 4592 931 4645 13.
940 4600 959 4640 3.
1067 4590 1095 4658 5)
1115 4590 1151 4646 cf.
1171 4589 1236 4646 Sen.
1255 4605 1299 4660 ep.
1314 4593 1400 4647 9516.
