3508 5302
825 337 1025 400 ,94-

389 549 516 613 Deinde
541 569 637 634 saepe
664 547 861 634 „reperimus
877 549 1070 613 iuvenalem
1086 548 1118 612 ia
1136 548 1251 613 saturis
1268 548 1445 616 scribendis
1462 557 1568 616 vete-

283 659 366 704 rum
388 638 641 724 scriptorum,
675 639 884 723 praecipue
913 643 1111 723 poetarum
1144 659 1348 702 memorem
1380 640 1480 705 fuisse
1514 647 1569 705 aut

283 749 397 793 versus
426 749 537 793 eorum
565 729 696 812 paulum
728 733 867 791 mutatos
897 728 931 790 in
961 733 1086 791 saturas
1115 749 1189 792 suas
1216 729 1387 812 recepisse,
1411 729 1569 815 imprimis

284 816 461 897 Horatii1),
491 815 674 902 Vergiliit),
703 816 826 898 Ovidii,
855 816 1000 881 Homeri.
1064 816 1168 888 Quem
1202 823 1316 901 poetae
1347 840 1470 884 morem
1504 841 1567 884 non

281 908 429 971 omnium
452 917 620 991 poetarum
640 905 808 970 luvenalis
829 912 933 970 aetate
949 927 1154 970 communem
1169 905 1287 971 fuisse“
1313 928 1378 972 non
1394 909 1568 994 neglegen·
1600 946 1604 956 .

282 997 363 1060 dum
392 995 480 1075 9913)
525 995 609 1059 Nam
636 997 695 1060 hos
723 1017 835 1060 versus
863 1017 902 1059 ea
929 1002 1036 1060 mente
1064 996 1237 1059 inseruisse
1272 997 1411 1078 videtur,
1436 1005 1471 1062 ut
1495 999 1568 1062 imi-

283 1091 408 1150 taretur
442 1086 646 1171 popularium
685 1085 948 1171 philosophorum
984 1105 1085 1169 genus
1114 1085 1284 1166 dicendi4),
1325 1087 1380 1172 qui
1416 1109 1569 1170 magnam

283 1175 499 1260 persuadendi
523 1174 588 1238 vim
612 1182 780 1259 poetarum
804 1175 950 1238 versibus
973 1175 1101 1238 insertis
1126 1173 1319 1238 tribuebant.
1359 1176 1569 1242 Memorabile

284 1271 344 1345 est,
369 1265 516 1348 quotiens
534 1265 657 1328 Seneca
673 1263 808 1349 Vergilii
825 1265 969 1327 carmina
983 1263 1174 1342 laudaverit,
1196 1264 1281 1348 quod
1297 1264 1392 1329 facile
1409 1289 1448 1330 ex
1464 1265 1569 1330 indice

283 1354 435 1418 editionis
459 1375 478 1417 a
501 1352 538 1417 F.
563 1353 672 1417 Haase
696 1353 801 1418 factae
825 1353 975 1438 cognosci
999 1358 1113 1437 potest.
1153 1353 1324 1418 Demonax
1347 1357 1403 1418 καὶ
1423 1365 1569 1439 ποιηταῖς

283 1444 460 1527 σύντροφος
484 1442 608 1526 ἐγένετο
632 1444 772 1507 καὶτῶν
797 1443 954 1506 πλείστων
980 1441 1137 1527 ἐμέμνητο
1162 1464 1233 1528 cap.
1257 1448 1287 1507 4.

392 1531 588 1616 Plerumque
605 1538 714 1596 noster
729 1529 922 1616 Cynicorum
939 1531 1170 1596 consuetudine
1186 1553 1241 1596 eos
1257 1531 1390 1597 versus
1413 1532 1451 1596 in
1473 1533 1568 1596 ridi-

284 1622 412 1685 culum
434 1619 650 1700 deflectitl)
689 1623 801 1685 Artem
824 1627 931 1685 autem
952 1621 1148 1705 parodicam,
1171 1643 1234 1706 qua
1252 1621 1333 1686 Bion
1350 1628 1382 1686 et
1397 1623 1568 1707 Menippus

281 1711 442 1796 imprimis
465 1711 682 1795 praestabant,
707 1711 804 1774 etiarn
819 1711 988 1774 luvenalis
1012 1711 1211 1794 temporibus
1235 1712 1378 1776 nondum
1399 1714 1568 1776 evanuisse

284 1800 421 1864 Luciani
458 1799 658 1864 sermonibus
692 1801 810 1885 optime
846 1798 1092 1876 confirmaturi)
1146 1799 1321 1865 Scurrilem
1355 1802 1567 1865 imitationem

283 1892 397 1975 opicae
425 1889 573 1953 dictionis
608 1890 704 1952 etiam
738 1891 857 1953 multae
893 1890 1059 1953 nominum
1088 1890 1400 1974 circumscriptiones
1429 1891 1568 1976 sapiunt,

282 2001 366 2064 quas
389 1979 621 2043 Priedlaender
645 1979 805 2062 congessit
828 1979 868 2042 ad
891 2001 942 2042 vv.
971 1983 998 2042 1.
1012 1995 1057 2058 25,
1083 1981 1111 2041 5.
1126 1978 1199 2056 45])

394 2066 658 2153 Comparationes
683 2090 700 2131 e
723 2068 918 2132 carminibus
943 2067 1125 2131 Homericis
1153 2068 1308 2152 repetitae
1333 2075 1389 2132 aut
1411 2088 1568 2152 personae

284 2157 422 2221 heroicis
447 2157 630 2222 nominibus
653 2157 852 2242 significatae
876 2179 941 2221 non
961 2178 1035 2221 raro
1057 2155 1267 2242 occurruntss)
1306 2157 1473 2222 Interdum
1495 2179 1568 2242 per-

284 2248 373 2311 sonis
400 2245 582 2310 Homericis
609 2247 777 2310 «luvenalis
813 2247 912 2311 utitur
947 2247 987 2310 ad
1019 2247 1154 2311 virtutes
1189 2253 1221 2310 et
1254 2247 1332 2312 vitia
1366 2247 1567 2311 illustranda.

284 2335 392 2408 Quam
409 2337 574 2400 ethicam
590 2336 747 2400 Homeri
762 2337 1126 2421 interpretationem
1143 2337 1315 2421 praecipue
1332 2337 1416 2421 apud
1431 2335 1569 2421 Cynicos

287 2426 475 2510 Stoicosque
497 2423 696 2509 vulgatam9)
720 2446 738 2489 a
759 2426 933 2489 Plutarcho
957 2425 1096 2489 maxime
1121 2426 1378 2490 commendatam
1406 2447 1476 2490 esse
1497 2427 1568 2510 quis

282 2521 344 2596 est,
362 2515 416 2599 qui
432 2515 575 2579 nesciat?
611 2515 744 2579 Achillis
761 2514 951 2599 obsequium
974 2517 1006 2577 in
1023 2512 1197 2579 Chironem
1214 2517 1403 2600 magistrum
1418 2515 1570 2579 laudatur

288 2606 442 2689 torosq.
490 2604 534 2668 Ut
555 2605 638 2668 Aiax
662 2613 693 2668 91
716 2605 857 2668 Achilles
888 2611 994 2688 patres
1018 2603 1135 2668 virtute
1160 2605 1390 2690 superaverint,
1420 2607 1465 2668 ita
1489 2605 1568 2668 adu-

284 2694 443 2757 lescentes
460 2695 544 2758 male
561 2696 712 2758 educatos
729 2695 904 2758 deteriores
920 2693 1065 2778 patribus
1081 2693 1151 2758 fieri
1168 2694 1245 2757 dicit
1264 2698 1312 2757 14.
1328 2711 1388 2764 213.
1421 2695 1568 2778 Longam

286 2783 386 2847 vitam
410 2805 483 2846 cum
507 2785 636 2849 miseria
659 2785 863 2849 coniunctam
888 2805 957 2847 esse
982 2782 1082 2862 Pelei,
1105 2783 1257 2861 Nestoris,
1276 2783 1398 2847 Priami
1422 2784 1569 2868 exemplo

284 2872 467 2936 ostenditur
493 2875 704 2944 10246-271.
750 2874 979 2957 Arrogantiam
1004 2874 1048 2936 sio
1072 2873 1278 2958 reprehendit
1304 2877 1413 2943 ll.30.

634 3018 732 3079 aacqae
754 2999 840 3062 caira
865 2997 995 3062 loricam
1017 2998 1117 3079 poscit
1139 2997 1274 3062 Achillis

591 3085 758 3161 Thersitae,
781 3089 818 3150 ta
842 3107 906 3168 qaa
929 3107 960 3150 se
984 3085 1164 3152 traducebat
1193 3086 1309 3151 Ulixes.

398 3228 422 3294 l)
441 3227 471 3283 P.
493 3225 648 3288 Schwartz,
669 3225 705 3281 de
724 3227 827 3282 Juven.
849 3226 961 3281 Horatii
981 3226 1053 3281 imit.
1087 3226 1167 3280 Halis
1192 3226 1264 3281 1889.

395 3302 421 3366 9)
443 3298 562 3366 Gehlen,
582 3297 618 3352 de
638 3297 704 3353 dur.
725 3297 847 3366 Vergilii
866 3298 938 3353 imit.
978 3297 1033 3352 Erl.
1056 3299 1132 3353 1896.

394 3373 421 3432 3)
442 3369 546 3426 Strube
569 3372 634 3438 lsq.
673 3369 766 3424 Weiss
786 3385 847 3439 cap.
868 3372 892 3424 3.

395 3443 423 3507 4)
442 3442 601 3508 1119199196,
618 3444 660 3495 49.
697 3458 722 3496 v.
741 3441 942 3508 Wilamowita,
971 3441 1069 3510 Antig.
1090 3457 1116 3494 v.
1137 3440 1203 3495 Kar.
1224 3443 1265 3495 70.
1299 3439 1403 3508 1111991,
1423 3439 1569 3508 d.Dialog

288 3510 308 3567 l.
324 3517 384 3570 331.
404 3513 485 3568 Paul.
505 3513 588 3567 Wiss
609 3511 642 3567 V.
665 3517 686 3567 1.
706 3513 758 3568 860
769 3528 811 3581 sq.
832 3516 936 3570 801199.

395 3585 422 3650 5)
443 3583 519 3639 Satis
544 3588 588 3638 est
612 3597 705 3652 pauca
725 3583 857 3653 exempla
877 3583 997 3652 eligere:
1025 3582 1103 3651 Nigr.
1121 3587 1160 3638 17.
1183 3585 1222 3637 18.
1251 3581 1324 3636 Piso.
1342 3585 1416 3637 1—3.
1431 3583 1455 3638 5.
1469 3586 1512 3638 41.
1525 3585 1567 3636 42.

284 3654 325 3710 dc
344 3671 431 3711 merc.
451 3655 534 3711 cond.
558 3659 596 3709 11.
619 3655 658 3709 16.
679 3657 720 3710 90.
759 3655 824 3724 Jup.
844 3656 878 3709 tr.
899 3659 921 3707 1.
942 3655 965 3708 6.
986 3657 1011 3708 9.
1033 3657 1072 3709 19.
1092 3657 1134 3709 40.
1154 3658 1197 3708 44.
1217 3657 1260 3708 45.

395 3729 423 3789 6)
445 3727 479 3782 cf.
505 3726 704 3793 Wachsmuth,
729 3725 838 3794 sillogr.
859 3725 905 3780 Gr.
930 3728 972 3787 69,
993 3727 1027 3778 15
1038 3741 1079 3794 sq.
1116 3755 1148 3762 -
1184 3725 1266 3793 Migo
1293 3725 1372 3780 locos
1396 3724 1567 3780 nonnullos:

285 3799 448 3865 99914911.
468 3801 492 3853 3.
503 3814 550 3856 rae.
570 3801 595 3853 4.
606 3814 640 3864 94,
660 3799 730 3852 Aen.
751 3801 775 3849 9.
785 3815 832 3856 aas.
852 3803 876 3852 4.
889 3817 921 3864 99,
942 3797 993 3851 ecl.
1008 3800 1076 3855 999.
1096 3800 1166 3863 411,
1187 3797 1257 3850 Aen.
1278 3799 1374 3853 10919.
1396 3799 1478 3862 5199,
1498 3797 1568 3851 Α911.

284 3872 314 3922 4.
326 3887 372 3927 999.
393 3873 476 3936 9199,
495 3870 631 3927 991999.
652 3898 685 3906 -
705 3873 784 3935 0199,
804 3870 874 3924 Aen.
889 3870 913 3922 3.
925 3887 971 3926 999.
991 3869 1016 3922 8.
1027 3886 1052 3924 aa
1066 3867 1175 3934 (streis.
1192 3869 1243 3934 17).
1264 3867 1299 3922 ci.
1313 3867 1432 3932 Gehlen,
1453 3867 1489 3922 dc
1503 3868 1567 3922 Juv.

285 3940 374 4008 Verg.
394 3941 442 3995 lm.
462 3943 496 3995 34
507 3956 550 4009 sq.
569 3971 602 3978 —
622 3943 646 3994 2.
659 3957 705 4006 raa,
725 3939 775 3994 Od.
799 3941 822 3994 5.
834 3959 866 3999 91.
895 3942 919 3994 3.
931 3955 969 3996 are
980 3954 1022 4008 sq.
1043 3937 1073 3992 ll.
1094 3941 1137 3994 94.
1149 3957 1173 3996 19
1192 3939 1267 4006 (Seu.
1282 3943 1316 3993 tr.
1330 3953 1375 3993 an.
1390 3941 1414 3993 2.
1426 3938 1472 4004 11).
1499 3941 1524 3994 8.
1535 3959 1568 4003 99,

289 4011 323 4066 11.
345 4014 444 4069 19114.
478 4014 502 4065 9.
512 4027 546 4075 ar,
566 4011 616 4067 0d.
635 4015 674 4065 le.
685 4029 731 4070 994.
768 4014 805 4066 15.
816 4029 850 4078 cs,
871 4011 900 4065 ll.
916 4014 939 4064 7.
950 4027 989 4068 999
1000 4027 1042 4080 sq.
1062 4041 1094 4048 -
1115 4009 1219 4066 Satura
1233 4013 1336 4078 quarta
1349 4010 1471 4078 parodia
1484 4008 1568 4065 Statii

284 4083 427 4138 carminis
440 4082 477 4137 de
491 4082 744 4138 bellchrmanico
755 4082 911 4151 conscripti
923 4097 985 4136 esse
996 4085 1124 4151 putatur.
1146 4081 1304 4136 Buecheler
1315 4081 1367 4136 er.
1379 4080 1463 4136 1139.
1475 4084 1568 4150 91983.

396 4153 423 4221 7)
445 4153 722 4209 Circumlocutiones
744 4154 870 4208 maxime
889 4153 967 4208 docti
985 4156 1087 4222 poetae
1108 4153 1297 4208 Alexandrini
1322 4151 1500 4207 adamabant
1523 4167 1568 4208 eo-

289 4241 412 4294 rumque
426 4227 593 4293 sectatores,
607 4228 709 4294 poetae
722 4225 853 4280 Romani.
892 4223 1028 4290 (Norden,
1043 4228 1196 4280 comment.
1211 4224 1248 4280 ad
1264 4224 1346 4293 Verg.
1365 4225 1436 4278 Aen.
1451 4223 1496 4278 Vl.
1517 4227 1569 4279 393

287 4312 316 4366 p.
330 4299 402 4363 935.)
441 4297 553 4361 Nescio,
573 4311 609 4351 an
629 4297 754 4352 formula
773 4298 855 4366 epica
874 4296 903 4350 in
924 4295 1082 4351 ridiculum
1101 4297 1309 4365 detorqueatur
1328 4299 1353 4351 4.
1375 4295 1422 4349 107
1444 4295 1570 4350 Montani

283 4385 387 4436 'quoqu'
396 4368 855 4505 9161111111819,11111919011111
869 4367 1004 4506 1975891111.
1029 4442 1053 4493 6.
1063 4457 1108 4502 soa,
1118 4455 1164 4497 aaa.
1189 4441 1328 4503 1091919,
1352 4438 1391 4490 12.
1403 4452 1448 4494 119.
1473 4437 1511 4492 13.
1522 4453 1568 4496 rra

290 4512 332 4565 14.
344 4528 377 4569 99.
401 4514 440 4566 16.
451 4529 476 4568 99
496 4510 538 4576 (E.
559 4510 670 4578 Weber,
689 4513 724 4565 st.
746 4510 773 4564 L.
793 4509 825 4564 X.
848 4509 918 4577 185).

397 4584 424 4648 9)
445 4581 538 4637 Ζ91191
556 4583 590 4636 11.
613 4581 706 4639 19999.
727 4581 765 4636 111
779 4580 816 4636 11.
825 4597 871 4639 999.
909 4581 944 4636 cf.
967 4580 999 4635 H.
1021 4581 1184 4636 1119119198.
1205 4579 1346 4646 500191.
1367 4593 1411 4648 ep.
1432 4579 1451 4634 1.
1467 4581 1503 4644 9).
