3508 5302
706 329 905 392 „75-

756 541 849 606 mu.

162 664 227 746 De
262 664 398 766 prauis
432 663 638 744 hominum
673 663 820 743 sludlls
848 667 889 743 et
917 663 970 742 de
1004 663 1160 744 artibus
1194 661 1445 744 liberalibus.

268 809 443 892 Reliquum
457 814 516 889 est,
533 814 568 871 ut
583 830 788 892 quaeramus,
805 809 965 892 quomodo
977 807 1145 873 Juvenalis
1161 807 1299 872 mentis
1316 829 1445 894 quoque

160 899 442 982 perversitates
466 904 704 983 aspernetur.
738 898 786 961 Ac
802 898 943 982 primum
958 899 1143 963 intueamur
1158 919 1242 961 vana
1257 897 1313 961 illa
1329 897 1445 979 studia,

161 1007 244 1071 quae
278 1009 344 1051 non
379 988 479 1052 semel
512 987 707 1072 indignatur.
739 1023 779 1031 —
807 987 977 1051 Neminem
1012 1008 1082 1051 esse
1115 987 1241 1051 Romae
1275 987 1330 1068 ait,
1366 989 1445 1072 quin

160 1077 411 1142 declamationes
440 1082 496 1142 aut
523 1078 667 1142 carmina
690 1077 798 1157 iaciat,
830 1098 1033 1161 quocumque
1056 1077 1178 1159 venies,
1209 1097 1336 1162 semper
1363 1079 1444 1140 reci-

160 1173 265 1230 tantes
288 1174 399 1251 poetes
427 1167 571 1251 reperiri.
581 1164 606 1247 ¹)
653 1167 717 1239 Qui
740 1187 837 1251 quam
866 1166 993 1231 molesti
1020 1167 1150 1246 fuerint,
1179 1167 1277 1230 etiam
1301 1166 1444 1230 Senecae

160 1257 260 1320 verba
288 1256 421 1320 docent:
457 1257 663 1339 ep.'122.11
690 1305 696 1318 .
724 1305 730 1318 .
757 1305 763 1318 .
800 1252 910 1334 itaque
941 1272 1016 1316 cnm
1043 1252 1278 1336 indipaaretar
1308 1251 1445 1335 qnidam

161 1342 258 1406 illam
281 1347 349 1407 tota
372 1341 424 1406 (lie
448 1341 602 1407 recitasse
628 1393 635 1406 .
661 1395 668 1408 .
695 1394 701 1407 .
737 1345 900 1409 Lucienus
924 1366 1052 1430 quoque
1075 1351 1215 1409 aetatem
1241 1366 1333 1408 suam
1357 1345 1444 1410 dica·

161 1434 323 1498 eissimam
351 1433 505 1520 appellat:
542 1455 648 1518 quom.
679 1433 751 1498 hist.
789 1455 910 1498 consor.
936 1434 958 1497 4
984 1432 1111 1511 Καύτὸς
1144 1437 1198 1497 οὖν
1224 1485 1230 1497 .
1257 1484 1263 1496 .
1291 1485 1297 1496 .
1328 1433 1370 1510 ώς
1399 1435 1443 1518 μὴ

162 1523 255 1608 μόνος
272 1527 397 1607 ἄφωνος
420 1523 488 1606 εἴην
506 1523 655 1608 ἐντούτῳ
679 1523 857 1608 πολυφώνῳ
877 1533 921 1608 τῷ
945 1532 1049 1608 καιρῷ
1065 1545 1096 1586 κ.
1113 1545 1139 1586 τ.
1157 1521 1222 1605 λθ)
1257 1521 1307 1586 Ne
1323 1528 1445 1587 temere

161 1614 363 1677 recitationes
394 1613 537 1692 audiant,
568 1612 734 1697 Epictetus
762 1612 936 1697 discipulos
963 1620 1086 1676 monet:
1118 1633 1203 1676 man.
1227 1612 1341 1681 33.11.
1388 1611 1444 1688 Εἰς

161 1703 335 1786 ἀκροάσεις
358 1711 450 1766 τινῶν
476 1703 519 1787 μὴ
544 1702 616 1784 εἰκῆ
643 1703 725 1786 μηδὲ
750 1702 865 1787 ῥᾳδίως
895 1702 1033 1785 πάριθι·
1054 1703 1178 1786 παριών
1207 1702 1301 1764 δὲτὸ
1326 1705 1443 1786 σεμνόν

160 1793 215 1855 καὶ
239 1794 274 1854 τό
299 1791 458 1867 εὐσταθὲς
481 1792 537 1853 καὶ
562 1791 749 1876 ἀνεπαχθὲς
772 1791 929 1875 φύλασσε.

266 1880 395 1944 Deinde
418 1886 527 1945 noster
549 1881 588 1943 iis
611 1881 754 1953 insultat,
782 1881 837 1965 qui
865 1880 945 1944 tales
969 1901 1081 1944 versus
1110 1885 1166 1944 aut
1193 1879 1443 1943 declamationes

160 1971 245 2054 turpi
260 1971 445 2035 adulatione
462 1968 671 2054 applaudunt.
679 1967 706 2051 3)
745 1969 836 2034 Idem
856 1970 1019 2034 Lucienus
1039 1991 1076 2033 ac
1098 1970 1222 2034 Seneca
1242 1970 1437 2053 vituperant:

159 2058 255 2122 Led
281 2060 382 2123 indr
417 2063 452 2122 τό
486 2061 563 2122 αὐτό
603 2059 643 2142 δὴ
668 2061 725 2122 καὶ
749 2062 788 2123 σὺ
813 2060 950 2145 πάσχων
974 2061 1034 2145 οὐχ
1058 2059 1142 2144 δρᾷς,
1168 2058 1286 2122 ὁπόταν
1319 2061 1355 2121 τό
1381 2059 1441 2143 μὲν

159 2147 276 2233 βιβλίον
300 2149 332 2212 ἐν
348 2158 387 2233 τά)
405 2150 487 2233 χειρὶ
509 2150 586 2232 ἔχῃς
603 2147 815 2232 πάγκαλον4),
837 2160 1005 2233 πορφυρᾶν
1023 2150 1080 2232 μὲν
1101 2150 1175 2234 ἔχον
1195 2148 1255 2231 τὴν
1271 2146 1440 2231 διφθέραν,

158 2241 279 2321 χρυσον
313 2237 348 2300 δὲ
381 2241 434 2301 τόν
467 2236 621 2322 όμφαλόν,
657 2237 904 2322 ἀναγιγνώσκῃς
936 2238 972 2300 δὲ
1006 2240 1083 2300 αὐτό
1116 2234 1353 2322 βαρβαρίζωνῧ)
1386 2238 1444 2299 καὶ

158 2326 385 2411 καταισχύνων
416 2328 473 2389 καὶ
506 2326 716 2410 διαστρέφων,
756 2327 818 2389 ὑπό
857 2329 913 2412 μὲν
952 2335 1014 2389 τῶν
1047 2325 1309 2410 πεπαιδευμένων
1342 2347 1444 2389 κατα-

157 2413 347 2500 γελώμενος,
377 2417 439 2478 ὑπδ
465 2416 500 2478 δὲ
521 2423 584 2478 τών
609 2414 763 2492 ξυνόντων
789 2437 839 2480 σοι
860 2415 1011 2479 κολάκων
1033 2415 1266 2501 ἐπαινούμενος.
1308 2414 1348 2478 cf.
1366 2415 1442 2479 Juv.

159 2505 188 2566 3.
200 2522 233 2574 86
248 2526 295 2588 sq.
341 2504 448 2568 Etiam
471 2503 664 2568 Plutarchus
693 2512 725 2568 et
746 2503 912 2590 Epictetus
940 2526 995 2568 eos
1023 2505 1140 2569 acriter
1166 2505 1361 2588 vituperant,
1388 2504 1444 2588 qui

159 2593 215 2657 has
245 2594 452 2658 recitationes
484 2593 552 2658 sive
585 2600 753 2678 poetarum
787 2594 854 2659 sive
886 2595 1103 2679 sophistarum
1136 2595 1303 2658 audientes
1334 2595 1443 2678 inepte

158 2682 382 2763 exclamentfll
421 2681 560 2748 Maxime
584 2683 755 2748 Juvenalis
777 2684 815 2747 iis
835 2683 996 2765 irascitur,
1019 2684 1136 2768 quibus
1159 2685 1253 2748 turba
1278 2684 1443 2747 clientium

158 2779 189 2836 et
210 2773 401 2836 libertorum
422 2773 566 2857 sportula
589 2779 645 2836 aut
661 2795 741 2838 eene
757 2774 925 2855 conducta,
949 2773 1096 2858 quamvis
1112 2774 1252 2858 imperiti
1275 2779 1307 2836 et
1322 2771 1444 2837 indocti

158 2863 230 2941 sint,
266 2863 411 2927 carmina
444 2861 497 2926 vel
532 2863 693 2926 orationes
717 2863 899 2928 declamare
933 2864 1020 2927 libet.
1066 2863 1107 2928 cf.
1144 2865 1295 2947 7.41sq.;
1335 2862 1384 2926 13.
1395 2879 1440 2930 32.

159 2952 261 3016 Simili
289 2953 386 3015 modo
414 2952 578 3017 Lucienus
605 2953 639 3017 in
669 2974 706 3016 eo
735 2953 828 3034 libro,
862 2974 925 3037 quo
955 2954 1120 3018 rhetorum
1152 2953 1258 3016 studia
1291 2957 1442 3031 artesque

157 3043 297 3105 maxime
313 3041 407 3106 ludos
420 3041 507 3122 facit,
525 3043 698 3106 clamorem
715 3043 929 3128 plausumque
945 3043 1129 3108 auditorum
1145 3043 1190 3106 ita
1207 3041 1442 3126 comparandos

158 3151 228 3194 esse
243 3131 350 3194 faceta
366 3132 620 3196 dissimulatione
637 3154 714 3197 usus
735 3133 874 3218 exponit.
884 3129 910 3212 ⁷)
949 3131 1153 3218 Quamquam
1175 3138 1285 3196 satura
1305 3132 1442 3214 septima

157 3242 177 3283 a
198 3220 344 3286 dietribis
367 3221 630 3306 philosophorum
654 3222 824 3308 discrepat,
849 3227 956 3286 tamen
980 3222 1032 3285 hic
1047 3221 1204 3286 nonnulla
1226 3221 1442 3304 reperiuntur,

158 3331 241 3394 quae
272 3311 304 3374 in
334 3310 397 3374 illis
430 3331 558 3394 quoque
586 3321 749 3376 occurunt.
801 3311 845 3376 Ut
867 3310 1047 3392 Demonax,
1081 3333 1144 3395 quo
1177 3317 1245 3374 tum
1278 3308 1441 3373 neminem

157 3399 383 3482 philosophum
407 3399 576 3464 clariorem
603 3399 703 3464 fuisse
726 3401 923 3486 biographus
948 3401 1082 3465 nimiam
1105 3401 1235 3464 laudem
1263 3399 1442 3463 attribuens

158 3490 328 3570 existimat,
354 3489 455 3554 malus
475 3496 643 3575 poetarum
665 3511 776 3554 versus
796 3491 1041 3575 reprehendisse
1057 3491 1187 3554 dieitur:
1212 3510 1281 3573 cap.
1300 3490 1342 3551 44
1359 3485 1440 3570 (la).

158 3577 197 3641 cf.
223 3577 300 3642 Juv.
332 3581 467 3662 Laasq.
513 3577 605 3643 idem
628 3586 753 3644 veteres
782 3587 814 3644 et
842 3580 984 3664 insigues
1012 3586 1132 3665 poetes,
1161 3600 1241 3664 quos
1270 3577 1442 3642 Juvenalis

158 3688 286 3751 quoque
310 3665 463 3749 laudatssl,
486 3670 655 3753 permagni
678 3669 822 3754 putabat.
848 3669 888 3733 cf.
914 3691 983 3754 cap.
1001 3669 1064 3750 49)

259 3755 416 3821 Acerbius
451 3757 646 3822 rhetorum
680 3765 712 3823 et
743 3761 1081 3844 grammaticorum
1114 3756 1287 3842 ineptiae
1319 3757 1440 3842 impro-

147 3843 336 3929 .bantur1⁰);
360 3867 465 3932 neque
488 3849 575 3912 enim
598 3849 630 3911 in
656 3849 715 3914 hac
749 3855 858 3913 satura
892 3849 925 3929 ii,
960 3850 1016 3934 qui
1048 3849 1175 3912 labores
1211 3847 1440 3932 magistrorum

313 4002 782 4076 of.1.1sq.3.e.7.essq.sesq.

264 4111 278 4127 .
312 4074 717 4146 cf.Juv.1.1sq.<15.110.)

311 4151 377 4200 3.90.
485 4147 518 4210 4)
539 4146 574 4202 cf.
595 4149 694 4218 eosq.
803 4147 830 4213 5)
851 4148 887 4204 cf.
907 4148 1018 4218 3‚90sq.

224 4285 231 4290 ς
310 4216 384 4273 Plut.
407 4215 473 4270 aud.
487 4220 563 4286 poet.
585 4222 629 4279 15:
650 4218 686 4273 de
706 4219 803 4288 seips.
824 4219 897 4274 citra
915 4221 975 4274 inv.
994 4219 1073 4274 laud.
1094 4221 1125 4273 lt
1145 4219 1307 4289 (μ54311);
1327 4219 1378 4288 Ep.
1390 4218 1439 4273 111.

157 4290 238 4342 23.32.
347 4291 375 4353 1)
395 4287 469 4342 rhet.
489 4303 584 4356 praec.
604 4292 634 4344 21
658 4290 705 4356 (cf.
727 4289 819 4360 Epict.
838 4290 886 4345 111.
907 4290 1001 4356 2327).
1114 4289 1143 4357 8)
1163 4295 1276 4360 l.53sq;
1298 4293 1440 4359 ll.180sq.

264 4357 291 4424 9)
312 4358 405 4414 Malae
418 4359 599 4416 condicionis
616 4376 713 4416 rerum
733 4360 907 4429 scriptorum
920 4361 1094 4417 iuvenalem
1113 4363 1231 4418 miseret
1244 4379 1292 4416 vv.
1306 4361 1437 4415 98-104.

156 4429 216 4485 Nec
235 4444 304 4486 vero
324 4430 387 4485 sine
406 4430 526 4486 irisione
545 4432 619 4488 haec
638 4431 839 4488 misericordia
859 4436 911 4500 est,
935 4448 1002 4488 cum
1022 4448 1121 4488 eorum
1143 4434 1272 4489 furorem
1292 4432 1440 4488 scribendi

156 4500 271 4567 illudat,
292 4517 378 4570 quem
399 4502 508 4558 Seneca
527 4519 643 4574 quoque
662 4504 842 4574 praeteriens
865 4504 958 4574 carpit
978 4519 1020 4574 ep.
1035 4506 1076 4560 95.
1088 4514 1115 4560 ι.

268 4573 312 4639 10)
333 4590 381 4627 vv.
404 4573 507 4644 150sq.
528 4575 576 4643 (cf.
598 4581 663 4642 l.16;
688 4579 759 4631 1622
770 4575 834 4645 sa).
