3508 5302
696 321 896 381 ...79-

149 540 184 602 in
220 534 372 613 ludaeos,
416 553 552 610 quorum
592 553 746 594 numerus
779 531 823 594 ibi
859 550 1054 615 permagnus
1090 537 1168 610 erat,
1178 530 1204 612 1)
1245 532 1331 596 dicta
1366 554 1436 598 esse

147 626 360 710 conspicuum
381 629 437 685 est.
484 620 597 704 Neque
618 621 751 684 dubium
768 627 826 701 est,
848 621 925 704 quin
942 619 1106 704 Diogenes
1123 626 1154 684 et
1169 619 1274 685 Heras
1292 621 1461 707 Cynicilb·

147 719 183 780 iu
200 713 409 792 orationibus,
427 710 543 794 quibus
560 709 635 773 Tito
652 711 778 774 crimini
793 711 972 785 vertebant,
986 711 1072 793 quod
1084 710 1261 775 Berenicae
1268 710 1295 791 3)
1308 713 1437 796 nuptias

150 805 310 891 pollicitus
334 808 428 882 esset,
453 802 550 864 etiam
574 801 834 884 superstitionem
857 799 1058 863 ludaeorum
1081 799 1248 864 illuserint.
1297 801 1437 866 Gravius

148 902 209 975 est,
222 893 307 978 quod
318 891 402 977 Apio
414 891 644 974 grammaticus
655 890 818 974 legatione
831 889 872 952 ad
883 887 1065 972 Caligulam
1078 896 1226 973 suscepta
1237 890 1258 954 J
1261 891 1437 955 udaeorum

151 985 342 1068 religionem
380 979 549 1060 incusavit,
586 1000 683 1064 quam
718 980 897 1043 orationem
930 977 1094 1062 Josephus
1129 979 1270 1043 refutare
1305 981 1436 1044 studuit.

151 1074 276 1138 Rerum
289 1071 469 1154 scriptores,
488 1090 560 1132 cum
571 1067 716 1132 ludaeos
729 1069 1034 1148 commemorabant,
1051 1069 1312 1153 superstitionem
1325 1091 1437 1134 eorum

150 1163 280 1227 silentio
292 1160 469 1245 praeterire
481 1180 545 1222 non
558 1156 749 1243 poterant.4)
775 1157 881 1229 Quam
897 1158 1105 1242 philosophos
1121 1179 1249 1242 quoque
1265 1160 1438 1224 insectatus

154 1274 223 1316 esse
246 1249 415 1314 luvenalis
446 1251 554 1311 aetate
590 1255 621 1311 et
645 1255 740 1311 antea
764 1248 841 1311 satis
877 1248 1120 1331 comprobatum
1145 1255 1202 1311 est.
1250 1247 1340 1319 Quae
1365 1271 1438 1313 oum

152 1343 198 1406 ita
221 1345 338 1419 essent,
362 1344 472 1402 noster
494 1338 575 1401 ritus
599 1359 711 1401 eorum
735 1337 830 1400 facile
855 1357 1048 1420 cognoscere
1072 1337 1184 1421 potuit.
1209 1374 1251 1382 —

261 1428 541 1512 Aegyptiorum
557 1428 636 1490 ritus
652 1429 809 1490 immanes
825 1426 1034 1489 vehementer
1049 1427 1257 1511 increpantur
1272 1428 1305 1491 in
1330 1434 1440 1492 satura

152 1519 418 1605 quintadecima.
444 1553 487 1560 -
511 1516 598 1581 Fieri
614 1538 677 1580 non
694 1517 806 1601 potuit,
833 1517 910 1599 quin
930 1516 1123 1601 philosophi,
1149 1517 1203 1600 qui
1220 1517 1297 1581 deos
1314 1539 1440 1581 summa

155 1611 279 1673 ratione
303 1606 466 1692 praeditos
495 1627 564 1669 esse
590 1627 717 1690 semper
739 1605 986 1684 contendebant,
1014 1606 1154 1668 maxime
1177 1607 1210 1669 in
1236 1627 1272 1670 eo
1297 1606 1440 1671 offende-

155 1704 235 1779 rent,
265 1697 350 1780 quod
379 1695 426 1759 illi
449 1695 560 1759 beluas
586 1717 725 1779 avesque
750 1696 937 1760 adorabant.
986 1695 1083 1758 Velut
1107 1693 1269 1775 Cicer0:⁵)
1316 1695 1440 1780 Aepyp-

153 1789 273 1852 tiomtm
301 1805 428 1866 morem,
456 1785 570 1868 inquit,
599 1786 671 1866 quta
702 1782 852 1869 ipaorut?
888 1804 1025 1865 pacorum
1053 1783 1191 1849 imbutae
1218 1789 1333 1850 ararites
1357 1805 1439 1868 pra-

155 1876 262 1941 uitatis
295 1873 473 1955 erroribus,
513 1874 658 1955 quamvis
691 1872 916 1954 carnificinam
950 1873 1109 1938 subierint
1140 1893 1238 1954 quom
1270 1873 1347 1938 torm
1383 1879 1442 1939 out

155 1966 295 2048 aspidem
333 1967 392 2028 eut
427 1962 521 2043 felem
564 1967 622 2027 aut
659 1983 767 2028 cortem
806 1965 864 2026 eut
901 1961 1078 2026 crocodilea
1124 1963 1255 2043 violent,
1301 1983 1440 2045 quoram

151 2054 278 2118 etiamst
316 2053 531 2136 imprudentes
565 2053 731 2135 quippiam
768 2051 909 2134 fecerint,
947 2071 1083 2134 poenum
1121 2052 1248 2117 nullam
1288 2058 1438 2119 recusent.

157 2145 194 2208 cf.
220 2143 241 2207 J
247 2164 354 2206 uren.
382 2142 460 2225 lsq.
486 2142 569 2205 Phil.
596 2143 635 2206 de
656 2144 729 2206 virt.
754 2149 785 2205 et
808 2142 871 2226 leg.
891 2141 931 2204 ad
953 2140 1024 2205 Gai.
1048 2143 1089 2204 20
1113 2142 1147 2205 Π
1164 2144 1227 2206 566
1252 2142 1361 2220 Κύνας
1384 2146 1441 2206 καὶ

156 2235 273 2308 λύκους
306 2233 362 2294 καί
394 2231 525 2306 λέοντας
553 2233 609 2294 καί
637 2231 863 2315 κροκοδείλους
891 2233 948 2293 καί
976 2230 1059 2294 ἄλλα
1087 2231 1219 2295 πλείονα
1250 2233 1352 2316 θηρία
1384 2235 1441 2296 καί

158 2319 309 2405 ἔνυδραθ)
341 2322 397 2382 καί
427 2329 567 2404 χερσαῖα
598 2322 654 2383 καὶ
689 2323 795 2403 πτηνὰ
828 2320 1114 2396 θεοπλαοτοῦντες,
1151 2322 1230 2405 ὑπὲρ
1263 2325 1306 2385 ὢν
1342 2322 1441 2407 βωμοὶ

156 2414 212 2474 καί
235 2411 305 2493 ἱερὰ
331 2411 388 2472 καί
416 2411 485 2472 ναοὶ
506 2411 563 2471 καί
585 2409 701 2494 τεμένη
731 2411 817 2471 κατὰ
845 2421 955 2472 πᾶσαν
979 2407 1139 2492 Αἴγυπτον
1167 2410 1351 2494 repertast)
1400 2412 1440 2474 cf.

158 2501 230 2564 Sen.
257 2501 297 2562 de
322 2505 456 2583 superst.
482 2498 577 2562 f.31
606 2548 612 2560 .
639 2548 645 2560 .
673 2549 679 2560 .
704 2494 847 2558 auratae
862 2500 987 2577 vereat,
1013 2516 1095 2578 quae
1115 2495 1145 2560 st
1165 2496 1288 2580 spirita
1313 2503 1440 2582 eccepto

156 2585 262 2652 ertbe‘to
297 2590 513 2660 occurrerent,
545 2590 694 2649 monstra
718 2584 925 2649 haberentur.
935 2586 962 2668 8)
996 2623 1039 2630 -
1071 2587 1209 2672 Propter
1241 2590 1441 2654 diversorum

154 2678 344 2742 animalium
378 2678 619 2740 venerationem
658 2679 738 2741 duos
769 2677 893 2740 vicinos
926 2678 1090 2760 litigantes
1123 2678 1156 2740 in
1190 2679 1337 2763 Aegypto
1371 2701 1441 2743 sese

156 2769 276 2832 vidisse
315 2766 508 2830 Plutarchus
544 2767 654 2829 scribit
689 2788 749 2830 am.
790 2769 876 2834 122.
935 2767 985 2830 Ob
1021 2767 1157 2830 eandem
1193 2789 1323 2831 causam
1358 2770 1442 2833 inter

156 2856 366 2943 Cynopolitas
399 2863 430 2919 et
462 2856 583 2919 incolas
616 2856 800 2941 Oxyrynohi
833 2862 981 2919 cruentas
1014 2857 1099 2919 rixas
1133 2862 1218 2921 ortas
1254 2879 1324 2922 esse
1356 2859 1442 2922 idem

157 2948 258 3010 refert
273 2947 303 3009 d.
320 2946 363 3010 Is.
382 2967 408 3008 e.
427 2946 482 3008 Os.
501 2947 552 3008 72.
594 2946 700 3029 Atque
717 2943 898 3010 Guilelmus
916 2947 955 3008 de
972 2943 1080 3009 Christ
1101 2949 1281 3031 suspicatur
1296 2955 1441 3012 nostrum

159 3037 197 3100 de
222 3036 336 3099 eadem
360 3055 395 3098 rc
419 3033 656 3119 cogitavisse9)
674 3071 714 3078 —
734 3035 823 3098 Alios
846 3035 1053 3119 philosophos
1074 3035 1154 3099 alias
1179 3058 1306 3121 quoque
1330 3060 1442 3123 super-

158 3127 303 3190 stitiones
332 3123 564 3208 Aegyptiorum
597 3125 797 3209 improbasse
830 3125 914 3188 inter
947 3146 1058 3188 omnes
1092 3133 1227 3205 constat,
1261 3132 1296 3189 ut
1328 3126 1441 3191 Cicero

157 3214 353 3300 Cynicorum
389 3221 420 3276 et
455 3214 636 3278 Stoicorum
672 3215 808 3298 vestigia
843 3235 979 3298 sequens
1014 3215 1235 3279 humationem
1271 3238 1382 3279 eornm
1411 3223 1443 3280 et

158 3326 269 3368 curam
294 3325 465 3387 corporum
488 3311 559 3387 post
588 3309 722 3367 mortem
753 3304 983 3368 servandorum
1014 3327 1078 3368 non
1107 3306 1175 3368 siue
1206 3307 1441 3389 vituperatione

160 3398 392 3458 commemorat
415 3393 509 3456 Tusc.
539 3391 684 3472 l.108.1⁰)

265 3483 433 3546 Fabulas
467 3481 716 3562 Graecorum,
752 3503 843 3566 quas
879 3482 922 3544 de
956 3482 1037 3545 deis
1071 3482 1209 3567 vulgus
1245 3485 1441 3565 narrabat,

158 3572 320 3636 interdum
355 3592 444 3635 more
480 3570 672 3655 Cynicorum
708 3571 876 3634 luvenalis
912 3572 1080 3634 cavillatur
1115 3579 1146 3634 et
1182 3573 1345 3636 neminem
1382 3575 1443 3637 nisi

160 3683 276 3746 pueros
304 3682 358 3724 eas
382 3662 513 3724 credere
537 3661 623 3724 dicit.
671 3660 760 3724 Sicut
783 3661 929 3724 homines
953 3663 1079 3724 turbam
1109 3663 1242 3725 deornm
1270 3668 1442 3727 cenantem

156 3751 252 3835 fingit
278 3750 372 3818 1342
387 3772 432 3833 sq.
480 3751 522 3812 At
544 3758 646 3814 totum
670 3750 777 3814 locum
800 3771 993 3835 proponam:

243 3859 295 3921 38.
343 3857 511 3936 Quondam
537 3857 591 3922 hor
613 3857 783 3940 iridipenae
806 3858 955 3922 vivebant
976 3878 1070 3937 more,
1083 3858 1277 3940 prinsquam

341 3950 476 4010 sterteret
499 3952 650 4029 aprestem
672 3949 775 4028 posito
799 3947 974 4011 diademate
995 3947 1107 4028 sulcem

342 4035 507 4100 Saturnus
527 4035 664 4118 sepiens,
689 4040 773 4114 turre,
798 4057 868 4100 cum
894 4037 1087 4119 virpuaculu
1110 4032 1201 4100 Jurm

342 4127 370 4188 et
388 4126 537 4205 privatus
560 4125 664 4188 adhuc
687 4124 794 4189 Idaeis
818 4125 968 4206 Jcrppiter
991 4127 1107 4209 catria,

318 4282 353 4336 cf.
374 4281 478 4337 Friedl.
500 4281 692 4350 Sittengesclr.
715 4282 755 4337 ΙΙΙ
776 4285 835 4338 618.
945 4283 971 4348 2)
993 4283 1029 4337 cf.
1051 4284 1084 4338 D.
1106 4283 1182 4338 Cass.
1203 4285 1286 4339 66.15.

318 4352 451 4422 [citur.
472 4352 562 4421 6.156].
671 4355 700 4420 4)
720 4355 755 4408 cf.
776 4354 841 4409 Tac.
862 4355 930 4408 hist.
951 4358 1048 4423 arsq.
1159 4355 1186 4420 5)
1206 4355 1289 4410 Tusc.
1312 4354 1334 4408 V
1355 4357 1388 4408 78

317 4425 352 4479 cf.
373 4429 443 4480 v.7.
553 4424 579 4489 7)
601 4424 635 4479 ct.
656 4442 682 4478 v.
703 4429 727 4480 4.
837 4428 864 4490 8)
886 4426 921 4480 cf.
942 4423 1269 4496 Mayor·ll²p.356sq.

317 4496 586 4564 Sitzungsberichte
606 4496 658 4550 der
676 4497 757 4565 bayr.
778 4497 871 4551 Akad.
905 4499 982 4552 1897.
