3508 5302
736 303 933 366 ...53-

198 513 397 594 obscuraret,
422 511 528 575 ullam
551 510 707 595 sapittam
730 512 767 577 in
790 512 891 577 solem
914 510 1069 577 incidisse
1094 517 1153 577 aut
1176 511 1323 577 dimissis
1346 511 1384 576 in
1400 534 1478 596 pro-

196 602 345 684 fundum
368 600 492 666 catenis
516 599 713 683 Neptunum
728 600 877 683 potuisse
899 599 1096 686 eontinpiill
1135 603 1289 668 interitus
1310 605 1378 669 eius
1394 605 1479 668 iusta

160 688 165 698 ’
196 715 303 778 poena
326 693 512 758 nominatur
535 693 620 756 dir.
642 693 701 757 ΙΙΙ.
730 695 823 764 16.4;
847 689 977 754 Habuit
1000 742 1006 755 .
1030 742 1036 754 .
1061 742 1066 754 .
1089 711 1185 772 quem
1201 689 1313 756 debuit
1332 690 1478 771 exitum·

195 780 303 845 uictus
338 784 370 844 et
405 779 468 843 late
503 779 657 863 lanaeque
691 779 789 862 fusus
822 799 860 844 ae
894 784 1035 844 stratam
1066 778 1186 862 ubique
1215 779 1353 844 ruinam
1382 801 1479 846 suam

195 890 335 934 cernens
363 867 492 933 rnedius
520 888 658 932 suorum
690 869 851 934 cadauera
878 868 1020 934 incessit.
1073 871 1112 934 cf.
1138 871 1212 935 Juv.
1241 894 1293 936 vv.
1321 873 1383 936 185
1400 870 1478 956 sq.²)

402 992 468 1058 Sed
491 993 600 1075 qualis
623 992 745 1058 rediit?
778 993 905 1077 Nempe
929 1014 999 1057 una
1023 1014 1115 1075 nane,
1140 993 1286 1058 cruentis

401 1081 557 1162 fluctibus
582 1102 619 1146 ac
643 1083 741 1147 tarda
760 1103 824 1166 per
847 1083 951 1148 densa
973 1082 1136 1147 cadauera
1154 1104 1269 1166 prora.

402 1173 476 1237 Has
499 1170 618 1236 totiens
643 1177 755 1254 aptata
778 1171 888 1256 caepit
909 1172 1017 1256 pluria
1035 1192 1171 1254 poenas.
1197 1211 1239 1220 -

303 1299 451 1362 Amentis
491 1319 561 1363 esse
589 1295 696 1365 vllam
731 1297 863 1382 longam
899 1305 1025 1384 optare,
1066 1320 1139 1363 cum
1179 1306 1327 1364 senectus
1362 1300 1479 1364 multas

196 1388 361 1453 molestias
384 1388 513 1468 habeat,
537 1388 689 1452 discimus
713 1411 763 1452 vv.
784 1389 969 1453 188-208.
1016 1389 1193 1473 Plerosque
1216 1389 1424 1474 philosophos
1440 1390 1479 1453 de

195 1483 362 1544 senectute
384 1499 448 1541 non
472 1477 587 1541 eadem
610 1478 748 1543 sensisse
771 1485 894 1541 certum
917 1484 965 1542 est
988 1498 1126 1562 eamque
1142 1499 1161 1542 a
1177 1476 1333 1543 Cicerone
1348 1479 1382 1542 in
1396 1479 1479 1542 libro

195 1569 253 1654 qui
279 1569 465 1631 inscribitur
489 1565 569 1632 Cato
593 1567 726 1651 pulchre
754 1589 791 1631 ac
818 1568 925 1653 lepide
953 1567 1121 1632 defensam
1149 1589 1219 1632 esse
1243 1569 1314 1652 quis
1338 1573 1395 1648 est,
1425 1568 1480 1652 qui

196 1656 343 1742 ignoret?
389 1655 457 1720 Nec
479 1677 556 1720 vero
578 1677 697 1740 magna
718 1657 799 1720 liaeo
823 1657 1040 1741 discrepantia
1062 1657 1220 1738 videatur,
1245 1658 1272 1722 si
1294 1664 1479 1743 reputemus

195 1748 285 1812 aliud
307 1767 378 1810 esse
401 1753 599 1810 senectutem
622 1767 726 1850 aequo
750 1748 857 1811 animo
873 1747 1028 1850 perferre.
1052 1747 1139 1810 aliud
1159 1768 1231 1810 eam
1246 1747 1413 1812 anxiet
1357 1753 1413 1832 opt
1414 1768 1479 1827 are,

195 1837 290 1923 quasi
312 1858 400 1900 mors
422 1836 595 1899 immatura
619 1837 675 1899 ult'
654 1841 768 1899 timum
791 1837 986 1900 malumtsit.
1033 1835 1211 1921 Propterea
1234 1837 1332 1900 etiam
1356 1836 1480 1902 Seneca

195 1948 217 1990 a
239 1931 349 1990 nostro
373 1947 438 1989 non
461 1926 598 1989 multum
623 1925 769 1989 dissentit
744 1931 841 2009 rtep.
860 1927 913 2007 58,
926 1943 1030 2009 susq,
1056 1927 1112 1990 ubi
1132 1926 1263 2011 exponit
1250 1928 1414 1989 tsenectu
1416 1927 1479 1987 tem

221 2017 280 2076 t
295 2033 404 2077 non
421 2010 775 2094 ,concupiscendam
762 2016 789 2075 r
790 2033 810 2076 a
827 2033 866 2076 ne
883 2011 1104 2077 recusandam
1120 2013 1261 2094 quidem.
1265 2013 1302 2095 3).
1332 2014 1478 2100 Longam

195 2063 296 2168 vitam
312 2125 370 2189 per
386 2125 501 2168 senon
517 2105 672 2188 optimam
688 2125 758 2169 esse
774 2104 967 2168 Plutarchus
983 2125 1110 2188 person
1127 2111 1237 2169 censet
1253 2126 1339 2169 cons.
1352 2105 1403 2168 ad.
1416 2105 1477 2189 Ap.

197 2193 345 2258 καθόλου
368 2196 431 2278 γὰρ
455 2194 520 2278 χρὴ
550 2194 751 2257 διανοεῖσθαι
774 2195 880 2257 πάντα
912 2195 1062 2257 τινὰκαὶ
1089 2198 1169 2278 πρὸς
1198 2197 1292 2258 αὐτὸν
1321 2196 1378 2257 καὶ
1400 2199 1480 2278 πρὸς

199 2282 296 2346 ἄλλον
332 2281 486 2358 διεξιόντα
516 2285 595 2367 μετὰ
625 2284 778 2366 σπουδῆς,
808 2283 850 2358 ὡς
877 2283 982 2368 οὐχὸ
1012 2283 1211 2367 μακρότατος
1244 2283 1308 2368 βίος
1341 2286 1478 2380 αριστος,

198 2372 269 2435 ἀλλ’
295 2371 586 2447 ὁσπουδατότατος
609 2394 639 2434 n.
656 2393 683 2434 τ
701 2372 729 2435 λ.
770 2372 894 2436 Seneca
922 2393 971 2455 ep
997 2373 1069 2436 101
1082 2390 1098 2443 8
1122 2369 1290 2434 Nihili
1242 2375 1290 2434 est
1311 2369 1478 2451 miserius

197 2462 310 2545 inquit,
332 2457 462 2522 dubitat
414 2456 536 2522 ttione
552 2457 755 2522 uenientium
757 2478 923 2541 ,quorsus
939 2458 1089 2524 evadant.
1069 2458 1119 2541 t4)
1149 2459 1263 2537 Quant
1263 2480 1322 2523 um
1337 2422 1479 2523 sitillud

196 2548 284 2629 quod
307 2551 410 2612 restat
376 2551 492 2612 aaut
514 2547 620 2628 quale,
646 2553 719 2612 cont
720 2553 813 2612 ructa
835 2568 928 2611 mens
951 2546 1183 2630 inexplicabili
1205 2547 1384 2630 formidine
1413 2547 1478 2631 api-

197 2642 299 2701 tatur.
347 2639 387 2702 cf.
412 2639 486 2702 bur.
512 2661 542 2703 v.
564 2640 624 2703 188

403 2761 460 2827 Da
482 2760 630 2844 spatium
653 2759 749 2842 uitae,
773 2761 894 2826 multos
918 2761 971 2842 da,
997 2761 1166 2843 anpitm,
1193 2782 1306 2843 annos,

402 2851 459 2916 boc
482 2855 567 2916 recto
591 2850 695 2932 uultu,
720 2850 827 2914 solnm
851 2850 908 2914 boc
932 2855 963 2914 et
981 2850 1133 2933 pallidus
1158 2855 1260 2934 optas.

302 2979 342 3042 In
365 2979 478 3042 eadem
502 2978 639 3063 epistula
663 2977 787 3041 Seneca
810 2978 1031 3043 Maecenatem
1054 2979 1186 3062 spernit,
1210 2978 1264 3062 qui
1290 2979 1398 3043 omnia
1414 2981 1480 3063 pati

197 3069 334 3147 volebat,
365 3068 538 3132 dummodo
567 3088 664 3151 quam
692 3069 848 3152 plurimos
876 3089 978 3132 annos
1001 3069 1137 3132 viveret:
1167 3067 1186 3147 ξ
1214 3068 1253 3131 10
1281 3063 1366 3130 Inde
1393 3065 1480 3130 illud

197 3153 401 3220 Maecenatis
430 3153 663 3253 turpissimam
685 3159 805 3236 cetram,
835 3175 897 3237 que
927 3160 957 3218 et
945 3153 1093 3219 ttdebili
1082 3158 1182 3218 tatem
1205 3175 1271 3218 non
1294 3160 1426 3219 recusat
1449 3160 1480 3219 et

196 3242 374 3325 deformita
354 3248 439 3308 actm
455 3248 486 3307 et
502 3242 675 3308 nouissime
693 3207 825 3308 acutain
840 3263 979 3325 crucem,
1002 3244 1093 3307 dumr
1094 3243 1176 3308 nodo
1192 3243 1279 3307 inter
1295 3243 1374 3308 baec
1388 3245 1480 3308 mala

194 3333 338 3414 spiritns
362 3337 517 3415 prorepet
518 3355 607 3396 ur..
691 3333 779 3396 ..13
806 3331 938 3411 Quidt
940 3354 994 3396 am
1019 3331 1117 3414 faeda
1145 3331 1192 3396 uit
1194 3353 1230 3397 ae
1259 3332 1479 3398 mendicatio?

305 3424 406 3489 Senes
435 3424 595 3489 deformes
622 3383 694 3487 lieri
721 3423 906 3508 debilesque
934 3446 1109 3509 eorumque
1134 3424 1258 3488 vultum
1286 3426 1406 3489 nemini
1429 3426 1478 3489 iu-

195 3515 339 3578 cundum
363 3536 433 3579 esse
456 3515 594 3599 legimus
617 3514 704 3597 apud
727 3513 921 3577 iuvenalem
945 3536 995 3577 vv.
1016 3516 1075 3578 191
1089 3536 1137 3598 sq.

503 3634 697 3717 Deformem
720 3639 751 3698 et
775 3639 918 3699 taetrum
943 3641 1017 3700 ante
1042 3634 1153 3701 omnia
1175 3634 1305 3698 uultum

402 3723 658 3806 dissimilemque
682 3723 737 3789 sui
762 3773 811 3788 ...
829 3777 834 3787 .

307 3905 331 3970 1)
351 3903 388 3960 cf.
408 3920 433 3956 v.
457 3906 515 3957 182.

304 3975 332 4042 2)
352 3974 498 4030 Lucienus
511 3973 679 4043 Menippum
689 3973 778 4029 Xerxi
791 3975 982 4030 insultantem
996 3974 1076 4042 facit,
1090 3989 1176 4043 quern
1187 3973 1310 4030 Graecia
1321 3974 1479 4040 metuebat,

194 4062 266 4101 cum
278 4045 500 4115 Hellespontum
519 4047 607 4115 ponte
626 4045 761 4114 iungeret
780 4048 809 4100 et
827 4060 880 4114 per
898 4047 1012 4101 montes
1030 4046 1192 4116 navigaret.
1221 4045 1295 4101 Dial.
1311 4047 1386 4102 mort
1399 4047 1441 4101 20.
1457 4053 1477 4094 2.

195 4117 235 4173 ct.
255 4117 321 4173 Juv.
344 4120 392 4172 175
404 4133 447 4187 sq.
484 4117 581 4172 Affero
602 4117 690 4172 etiam
714 4117 787 4173 alios
810 4117 899 4184 locos,
923 4117 975 4172 ubi
994 4117 1103 4173 Xerxes
1127 4117 1328 4174 conordcaturr
1352 4116 1409 4172 Cic.
1428 4116 1478 4171 fin.

197 4189 231 4244 ll.
253 4192 316 4257 117;
335 4188 401 4245 Seu.
420 4205 447 4244 n.
467 4204 494 4258 q.
513 4188 546 4242 V.
568 4190 653 4257 18.1o‚
673 4189 752 4245 brev.
773 4205 799 4242 v.
821 4189 861 4248 17,
877 4195 898 4254 2,
917 4188 982 4244 ben.
996 4188 1041 4243 Vl.
1055 4191 1102 4256 31;
1125 4188 1199 4244 Phil.
1219 4188 1256 4244 de
1275 4203 1367 4245 somn.
1386 4188 1477 4243 1117.

196 4261 273 4317 Plut.
292 4259 329 4315 de
347 4261 380 4315 ir.
401 4260 465 4316 coli.
485 4261 501 4315 5
507 4279 514 4328 ;
534 4260 589 4315 Dio
604 4259 669 4314 Chr.
682 4260 730 4314 ΙΙΙ.
746 4261 777 4314 31
798 4274 825 4327 p.
838 4263 881 4314 44.
896 4259 941 4321 iv,
954 4262 988 4315 45
1001 4276 1028 4330 p.
1042 4263 1084 4314 72.
1098 4259 1186 4315 XVII.
1203 4264 1234 4314 14
1247 4276 1274 4329 p.
1289 4262 1341 4314 776
1352 4258 1430 4314 ΧΙΙΙ.
1443 4261 1478 4313 it

196 4348 224 4402 p.
245 4334 297 4387 748
315 4331 402 4386 Dind.
440 4331 531 4400 Quam
551 4331 701 4386 sollemnis
720 4332 751 4386 in
771 4329 1020 4400 disputationibus
1039 4331 1223 4401 philosophis
1241 4332 1268 4386 is
1287 4331 1368 4386 locus
1380 4329 1477 4393 tuerit,

193 4403 284 4460 docet
303 4402 394 4472 Epist.
415 4403 466 4457 ΙΙΙ.
486 4403 528 4457 73.
539 4408 573 4463 37,
595 4431 626 4440 -
646 4418 673 4456 v.
695 4401 724 4459 Ε.
744 4401 855 4467 Weber,
875 4402 952 4457 stud.
972 4402 1049 4471 Lips.
1067 4402 1093 4457 X
1111 4420 1139 4473 p.
1158 4406 1200 4458 94.

305 4476 334 4612 δὲ
353 4474 389 4530 ci.
410 4473 474 4599 {eu
494 4474 573 4530 brev.
596 4479 653 4542 l.1;
674 4487 716 4543 ep.
730 4476 772 4529 49.
784 4493 817 4542 ro,
837 4476 879 4528 77.
890 4490 929 4542 20;
948 4489 1019 4529 rem.
1034 4474 1099 4530 fort.
1114 4479 1138 4529 4.
1176 4473 1233 4529 Cic.
1247 4473 1332 4528 Tusc.
1346 4471 1365 4527 Ι,
1380 4472 1421 4528 93.
1435 4475 1477 4528 94.

304 4549 322 4600 4
354 4546 389 4602 cf.
429 4565 490 4603 aas.
