3508 5302
842 331 1040 393 ...78-

300 543 319 606 ὁ
342 551 485 626 γενναῖος
510 543 543 606 ἐν
567 540 697 626 Κιλικίᾳ
721 541 915 626 ψευδόμενος
938 545 978 605 τὰ
1002 541 1107 606 πολλὰ
1123 545 1180 606 καὶ
1203 543 1365 627 γοητεύων
1388 552 1452 606 τοῖν
1477 544 1583 607 δυοῖν

299 631 452 717 ὀβολοῖν
489 635 595 696 ἕνεκα.
643 629 750 694 Etiam
774 631 955 716 Diogenem
979 630 1135 716 Cynicum
1169 633 1364 696 coniectores
1396 633 1585 716 obiurgasse

301 721 479 786 memoriae
506 721 668 806 proditum
696 727 745 784 est
771 741 830 804 per
855 720 950 804 Diog.
980 721 1017 784 L.
1041 720 1097 783 VI.
1121 722 1163 784 ut
1193 770 1199 783 .
1230 771 1237 784 .
1268 768 1275 784 .
1306 772 1312 784 .
1342 723 1395 784 ὅτε
1424 722 1459 784 δὲ
1486 721 1584 787 πάλιν

310 806 405 892 (ἴδοι)
437 810 653 895 ὀνειροκρίτας
680 811 737 872 καὶ
761 810 886 894 μάντεις
909 812 966 873 καὶ
992 813 1067 886 τοὺς
1090 810 1308 895 προσέχοντας
1331 811 1451 887 τούτοις
1475 862 1481 874 .
1508 861 1514 874 .
1542 863 1548 873 .
1576 863 1582 874 .

298 899 394 963 οὐδὲν
420 899 626 984 ματαιότερον
650 897 786 983 νομίζειν
811 898 996 982 ἀνθρώπου.

408 1006 430 1070 J
435 1007 646 1070 udaeorum
669 1005 818 1084 mores,1)
843 1027 922 1089 quos
938 1004 1063 1069 Romae
1086 1006 1179 1068 multi
1195 1006 1413 1085 imitabantur,
1438 1006 1585 1070 insaniae

299 1095 413 1180 plenos
438 1117 508 1160 esse
532 1094 700 1158 iuvenalis
724 1095 801 1158 dicit
819 1096 868 1157 14.
884 1113 930 1164 96:

485 1219 624 1300 Quidam
648 1219 753 1284 sortiti
775 1221 959 1284 metuentem
967 1216 994 1300 2)
1018 1217 1150 1282 sabbata
1171 1222 1294 1300 patrem

483 1309 534 1373 nit
551 1313 681 1391 praeter
703 1308 801 1374 arches
823 1311 852 1372 et
874 1307 950 1373 caeti
972 1327 1094 1372 nrtmen
1116 1307 1264 1388 adorant,

483 1419 540 1463 nec
564 1398 682 1462 dicture
702 1401 822 1480 potant
844 1396 992 1462 humana
1015 1415 1114 1462 carne
1137 1395 1312 1480 suittam,³)

484 1506 548 1568 qua
570 1491 661 1568 pater
683 1487 848 1567 abstinuit,
873 1507 946 1551 nica
968 1489 997 1550 et
1016 1486 1188 1568 praeputia
1207 1489 1355 1567 ponunt·

483 1576 651 1641 Romanos
672 1579 775 1640 annm
799 1575 885 1640 sotiti
907 1579 1104 1640 contemnere
1129 1574 1205 1658 tapes

484 1663 660 1730 Judaicnm
683 1665 825 1730 ediscunt
847 1669 875 1729 et
896 1667 1025 1730 suvant
1048 1685 1085 1730 ac
1107 1662 1285 1742 metuunt2)
1309 1664 1370 1745 iae,

484 1755 620 1818 tradidit
642 1774 763 1820 arcano
784 1755 1000 1834 quodcumque
1022 1752 1182 1818 uolumine
1206 1753 1339 1836 Mopses,

484 1864 552 1909 non
576 1847 755 1909 monstrare
778 1843 848 1908 uias
869 1844 975 1908 eadem
998 1842 1066 1907 nisi
1088 1862 1179 1908 sacra
1200 1841 1346 1926 cotenti4)

484 1934 661 2014 quaesitum
684 1933 727 1996 ad
748 1931 868 2014 iontem
890 1933 970 1997 solos
994 1932 1140 1997 deducere
1162 1952 1278 2013 oerpos.

483 2021 544 2086 Sed
564 2026 656 2104 pater
679 2023 716 2086 in
740 2041 846 2102 causa,
869 2022 922 2086 cui
943 2021 1102 2102 septima
1125 2041 1265 2102 anaeque
1286 2020 1353 2102 fnit
1376 2021 1442 2086 turc

483 2111 624 2194 ipnaua
648 2115 680 2174 et
700 2113 846 2192 partem
869 2111 969 2174 vitae
992 2129 1068 2174 non
1095 2111 1229 2194 attipit
1251 2109 1411 2189 critaru.⁵)

299 2234 458 2299 Senecam
498 2243 700 2300 sacramenta
732 2235 932 2300 iudaeorum
967 2237 1125 2320 sprevisse
1157 2236 1357 2320 Augustinus
1395 2236 1504 2300 refert.
1542 2236 1583 2300 cf.

299 2323 339 2387 fr.
365 2324 417 2388 41.
432 2326 473 2387 42
506 2325 570 2389 Hic
593 2327 677 2391 inter
699 2325 784 2390 alias
805 2325 909 2390 ciuilis
932 2323 1101 2408 ttreotopiae
1126 2325 1362 2406 superstitiones
1383 2325 1586 2406 reprehendit

295 2413 395 2476 etiam
426 2417 627 2479 sacramenta
655 2414 855 2479 Judaeorum
885 2418 913 2480 et
942 2414 1079 2478 urarime
1108 2414 1252 2497 sabbata,
1287 2413 1447 2479 inutititer
1474 2415 1509 2478 id
1536 2437 1586 2480 eos

298 2501 401 2584 facere
424 2501 614 2584 adfirmans,
640 2505 723 2585 quod
741 2524 801 2586 per
824 2503 895 2569 ilios
916 2503 1058 2588 stupidos
1079 2507 1194 2584 septem
1212 2504 1411 2584 interpositos
1426 2503 1490 2568 dics
1504 2525 1584 2586 sep·

298 2593 431 2656 timum
453 2592 532 2674 fere
559 2597 703 2674 partem
732 2595 869 2658 aetatis
897 2613 987 2658 sirac
1012 2593 1178 2674 perdant
1205 2593 1347 2657 vacando
1370 2596 1399 2656 et
1421 2593 1523 2657 mrctta
1547 2595 1584 2658 in

302 2685 438 2762 tempore
460 2682 612 2767 turpentia
635 2703 704 2747 non
727 2683 848 2766 apendo
871 2683 1067 2747 tardantur.
1088 2731 1120 2749 ..
1140 2732 1146 2745 .
1173 2680 1253 2746 Cam
1276 2681 1406 2747 ircterim
1430 2703 1527 2764 aspice
1550 2704 1584 2747 eo

296 2769 552 2838 sceleratissimae
576 2773 679 2855 pentis
708 2773 896 2837 consuetudo
923 2769 1094 2850 concaluit,
1123 2775 1161 2834 ut
1179 2792 1238 2853 per
1261 2792 1367 2835 omnes
1391 2773 1457 2835 iam
1481 2775 1585 2838 terras

299 2864 418 2940 recepta
446 2864 502 2941 sit;
532 2861 603 2925 uicti
630 2860 799 2925 uictoribus
826 2861 900 2945 depes
928 2861 1091 2925 dederunt.
1139 2861 1178 2923 cf.
1205 2882 1253 2947 ep.
1279 2862 1386 2929 Pher·
1434 2860 1518 2925 Plut.
1544 2861 1584 2924 de

298 2955 436 3033 supersi.
462 2951 526 3014 c.8
550 2972 581 3035 p.
602 2949 712 3028 1690,
737 2951 756 3013 3
781 2973 811 3035 p.
832 2951 939 3013 ΙύύΑ.
988 2949 1050 3020 Qui
1074 2949 1273 3014 Judaeorum
1296 2972 1470 3034 personam
1493 2971 1584 3014 men-

297 3040 430 3118 tiantur,
455 3038 620 3123 Epictetus
644 3060 772 3123 quoque
787 3040 994 3103 vehementer
1017 3041 1178 3124 vituperat
1201 3039 1243 3102 ΙΙ.
1270 3042 1299 3102 9.
1312 3055 1355 3109 νο.
1401 3039 1518 3102 Nescio
1543 3062 1584 3104 an

300 3128 425 3192 Seneca
454 3150 507 3192 eos
537 3135 649 3211 tangat
676 3150 724 3212 ep.
753 3129 824 3192 108.
838 3125 913 3209 nrt-⁶)
964 3127 1009 3192 In
1039 3128 1161 3192 Tiberii
1189 3126 1337 3193 Caesaris
1360 3129 1584 3210 principatum

299 3217 450 3282 trecentae
467 3221 587 3298 tempas
603 3217 773 3296 inciderat·
798 3217 979 3300 atienipcna
995 3221 1062 3280 tnm
1078 3237 1169 3281 sacra
1185 3217 1406 3290 moechantium
1429 3219 1481 3283 sed
1496 3219 1585 3282 inter

303 3310 493 3390 arpumenta
501 3306 735 3388 superstitionis
743 3305 922 3388 ponebatur·
929 3307 1133 3387 perorandum
1147 3306 1341 3371 animalium
1352 3304 1584 3389 obstinentur)

406 3412 597 3477 Juvenalem
611 3415 672 3478 ista
685 3416 783 3477 verba
801 3414 993 3499 scripturum
1006 3436 1070 3478 non
1083 3415 1192 3492 fuisse,
1205 3415 1267 3478 nisi
1279 3414 1408 3478 Iudaeis
1421 3415 1584 3498 singulare

299 3502 443 3566 studium
468 3505 704 3587 impertivisset,
730 3505 815 3587 quod
839 3503 1070 3567 Friedlaender
1094 3509 1227 3567 annotat
1250 3526 1279 3588 p.
1300 3505 1363 3567 553
1389 3503 1444 3585 (cf.
1467 3526 1497 3587 p.
1516 3503 1582 3583 32),

300 3593 396 3655 nullis
420 3594 573 3675 gravibus
590 3593 788 3678 argumentis
804 3593 910 3656 fulciri
935 3601 1047 3677 potest.
1095 3593 1220 3656 Romae
1240 3615 1395 3678 persaepe
1412 3595 1583 3678 opprobria

411 3789 434 3852 l)
456 3787 491 3841 cf.
513 3786 611 3856 htayor
630 3787 668 3841 ad
689 3805 734 3842 vv.
755 3787 885 3842 96-106.

409 3858 435 3925 2)
456 3859 584 3928 Bernays
604 3859 777 3914 iuvenalem
801 3858 857 3912 hoc
878 3858 965 3913 sertio
990 3859 1033 3912 uti
1053 3857 1210 3922 existimat,
1234 3861 1266 3912 ut
1285 3874 1334 3912 eos
1354 3858 1509 3926 significet,
1533 3858 1583 3926 qui

299 3944 408 3998 genere
422 3944 478 3983 non
493 3930 594 3985 Iudaei
608 3945 706 3985 eorum
723 3931 808 3984 fidem
823 3930 1034 3999 profitebantur
1047 3933 1075 3984 et
1088 3930 1225 3994 σεβόμενοι
1242 3929 1290 3984 vel
1303 3930 1456 3994 φοβούμενοι
1474 3928 1583 3984 Graece

305 4000 539 4056 nominabantur.
573 4001 706 4056 Fortasse
726 4004 823 4056 autem
843 4002 899 4056 hac
919 4016 989 4055 voce
1007 4001 1193 4055 severitatem
1214 4016 1329 4070 quoque
1349 4000 1395 4055 dei
1410 4000 1582 4054 Iudaeorum

304 4072 478 4128 adumbrare
498 4073 599 4128 voluit.
631 4072 806 4127 Plutarchus
820 4073 936 4140 quidem
959 4073 1021 4126 eius
1034 4073 1211 4127 mentionem
1232 4073 1304 4126 facit
1321 4071 1357 4126 de
1371 4071 1410 4127 St.
1430 4086 1489 4139 rep.
1503 4073 1545 4126 38.
1556 4077 1582 4124 2:

300 4146 394 4194 Καίτοι
412 4145 541 4210 χρηστούς
560 4147 590 4194 ού
608 4147 702 4206 πάντες
722 4143 788 4195 εἶναι
806 4146 866 4206 τοὺς
884 4145 964 4206 θεοὺς
983 4145 1187 4209 προελάμβανον.
1225 4143 1293 4209 Ὅρα
1316 4147 1367 4209 γὰρ
1391 4145 1436 4194 οἷα
1459 4141 1583 4194 Ἰουδαῖοι

296 4219 347 4266 mat
366 4216 444 4280 Σύροι
462 4219 520 4280 περὶ
539 4217 607 4266 θεῶν
625 4221 770 4280 φρονοῦσιν.
879 4216 906 4282 3)
926 4216 962 4270 cf.
983 4219 1059 4268 tileo.
1469 4282 1471 4286 y

406 4286 434 4347 4)
455 4286 490 4340 cf.
511 4285 568 4341 Cic.
589 4287 635 4341 off.
656 4289 725 4352 3.54;
745 4286 810 4341 Son.
829 4286 894 4341 ben.
915 4287 952 4340 IV
971 4289 1052 4354 99.1;
1072 4301 1115 4354 ep.
1137 4289 1218 4341 thal.
1329 4287 1356 4350 ὁ)
1377 4285 1412 4340 ct'.
1433 4289 1511 4340 6.159.

408 4360 436 4418 6)
456 4358 491 4413 cf.
512 4357 588 4413 Suet.
610 4358 671 4412 Tib.
692 4361 734 4412 36.

409 4429 436 4495 t)
457 4429 550 4495 Quare
569 4429 670 4484 Iudaei
689 4444 776 4483 carne
800 4429 887 4483 suilla
911 4428 1101 4491 abstinerent,
1125 4428 1301 4483 Plutarchus
1326 4427 1473 4496 quaesivit
1500 4442 1581 4481 conv.

299 4517 327 4568 q.
350 4501 424 4555 [Vh
445 4501 580 4568 (ttae)
602 4501 636 4555 cf.
657 4500 733 4554 Sext.
754 4500 834 4568 Emp.
847 4499 948 4568 Pyrrh.
968 4501 1036 4569 hyp.
1060 4501 1102 4554 ΙΙΙ
1123 4502 1210 4554 94223
1235 4498 1362 4560 Ἰουδαῖος
1387 4501 1432 4564 μὲν
1450 4501 1502 4564 γὰρ
1523 4540 1528 4552 ·
1550 4537 1555 4550 ·
1576 4533 1580 4546 ·

297 4573 398 4622 θᾶττον
417 4573 449 4623 ἂν
469 4574 600 4624 ἀποθάνοι
619 4573 635 4638 ἢ
656 4578 770 4638 χοιρεῖον
789 4574 878 4636 φάγοι.
