3508 5302
690 375 888 440 -101-

146 593 219 664 Quo
250 592 372 654 factum
397 598 455 669 est,
483 591 573 654 utin
599 589 715 653 saturis
739 589 908 652 «luvenalis
932 589 1117 672 piscatores,
1147 587 1266 668 fabros,
1296 593 1430 668 sutores,

145 683 295 766 pictores,
310 702 459 763 augures,
474 680 631 764 auspices,
644 678 842 763 haruspices,
855 679 1034 763 pontifices,
1052 677 1261 755 sufflamiues,
1280 677 1431 756 medicos,

145 773 303 849 rhetores,
332 769 519 849 causidicos,
548 769 776 854 pragmaticos,
806 768 986 848 historicos,
1023 772 1204 851 geometras
1234 788 1296 830 non
1327 767 1432 828 miuus

147 881 416 945 cognosceremus
450 880 547 943 quam
581 880 693 942 magos
726 879 830 941 sagas,
867 858 1033 936 cardones,
1067 856 1229 936 mandras,
1264 855 1431 934 muliones,

147 971 336 1034 mangones,
361 950 520 1032 aquarios.
562 947 599 1011 In
624 947 794 1010 macellum
820 947 967 1010 ducimur
991 953 1023 1010 et
1043 945 1077 1009 in
1100 947 1261 1024 tabernas,
1286 945 1432 1030 popinae,

148 1039 283 1118 culinas,
323 1040 474 1118 fornices,
512 1038 692 1122 lupanaria,
731 1037 786 1101 ubi
825 1043 996 1101 versantur
1033 1056 1205 1120 caupones,
1247 1036 1432 1114 nebulones,

145 1149 319 1209 ganeones,
354 1132 482 1207 nautae,
506 1128 604 1206 fures,
637 1126 776 1210 fugitivi,
807 1127 950 1207 lenones,
991 1125 1096 1202 lenae,
1131 1133 1245 1204 scorta,
1279 1125 1432 1208 paeliccs3

147 1219 296 1283 videmus
313 1217 448 1281 seminas
470 1217 639 1301 spadones,
662 1217 836 1296 eunuchos,
857 1217 959 1300 gallos
981 1221 1137 1293 amantes,
1159 1215 1245 1278 viros
1267 1215 1433 1277 comitatos

147 1332 168 1374 a
195 1307 341 1392 pathicis,
375 1306 527 1377 cinaedis,
562 1306 760 1391 pusionibus.
807 1303 846 1368 ln
876 1307 1000 1369 theatro
1028 1312 1059 1367 et
1083 1305 1178 1384 circo,
1215 1305 1248 1366 in
1278 1325 1374 1367 scena
1403 1311 1434 1366 et

146 1398 313 1462 orchestra
330 1403 362 1460 et
377 1417 476 1460 arena
492 1395 706 1480 conspicimus
720 1395 901 1478 histriones,
915 1394 1095 1474 comoedos,
1112 1393 1294 1478 tragoedos,
1308 1393 1434 1468 mimos,

147 1485 348 1573 planipedes,
372 1486 584 1562 citharoedos,
610 1486 769 1570 psaltrias,
798 1485 978 1564 choraulas,
1003 1483 1159 1564 tibicines,
1189 1483 1432 1562 schoenobatas,

147 1577 353 1662 petauristas
388 1575 535 1657 athletas,
570 1575 715 1655 lanistas,
754 1574 959 1658 gladiatores
984 1573 1213 1638 murmillones.
1274 1572 1433 1636 Audimus

148 1666 309 1750 cymbala,
323 1672 486 1750 tympana,
500 1666 603 1745 sistra,
617 1666 737 1743 pelves,
749 1662 976 1740 tintinnabula,
986 1662 1131 1744 bucinas,
1143 1662 1247 1741 tubas,
1261 1661 1434 1741 citharam3

148 1756 278 1841 singula
294 1755 510 1839 gladiatorum
527 1760 560 1817 et
575 1754 711 1817 militum
725 1775 816 1817 arma
829 1759 1135 1818 commemorantur:
1152 1752 1288 1829 fuscina,
1304 1753 1434 1829 tridens,

148 1845 261 1924 cassis,
285 1845 389 1929 galea,
414 1845 553 1928 galerus,
579 1865 703 1924 ocreae,
721 1841 839 1907 balteus
862 1847 890 1907 et
912 1842 1060 1906 uranicae
1081 1844 1111 1906 et
1137 1840 1249 1906 cristae
1272 1840 1436 1922 cruorisque

148 1933 279 2000 sinistri
313 1931 484 1997 dimidium
516 1933 659 2016 tegimen.
711 1932 868 1996 Thermas
904 1937 935 1996 et
976 1931 1125 1996 balneola
1157 1952 1369 2014 peragramus
1398 1953 1435 1994 ac

148 2023 298 2088 videmus
321 2023 458 2086 tonsoris
483 2023 611 2086 cristam
642 2028 674 2086 et
698 2043 885 2087 mucronem
910 2027 942 2086 et
962 2023 1080 2105 aliptae
1107 2026 1138 2084 ct
1163 2026 1324 2085 cosmetae
1347 2042 1435 2084 cero-

150 2119 247 2193 mata,
272 2113 490 2197 opobalsama,
517 2133 656 2176 amoma.

258 2219 393 2282 Animos
422 2240 458 2282 ac
487 2219 679 2283 vestimenta
709 2218 877 2282 hominum
904 2218 1015 2281 eadem
1048 2218 1252 2281 contentione
1280 2217 1435 2300 increpat·

148 2307 292 2372 lllaxima
327 2308 501 2372 acerbitate
536 2308 659 2391 respuit
687 2306 801 2392 Tyrias
833 2308 988 2378 lacernas,
1023 2329 1176 2391 purpura,
1212 2307 1436 2391 amethystina,

152 2397 320 2482 conchylia
338 2395 414 2479 Ooa,
438 2397 549 2460 laenas
574 2397 730 2474 cocciuas,
753 2396 909 2479 galbinos,
932 2397 1102 2479 multicias,
1123 2397 1313 2480 panniculos
1346 2396 1436 2459 bom-

152 2487 293 2572 bycinos.
345 2486 518 2550 Praeterea
554 2487 761 2550 nominantur
791 2493 967 2570 praetexta,
1002 2486 1098 2570 palla,
1134 2487 1284 2570 paenula,
1321 2486 1436 2553 abolla

153 2577 305 2661 chlamys.
359 2576 465 2661 thue
509 2575 687 2639 Hernicum
734 2577 888 2639 rusticum
931 2576 1043 2638 laudat
1084 2577 1216 2658 14185,
1247 2595 1339 2656 arcem
1369 2595 1438 2639 noa

151 2666 249 2748 pudet
276 2665 341 2729 ulto
366 2685 427 2746 per
451 2664 580 2749 pluriam
605 2685 724 2746 perone
753 2665 825 2750 tegi,
850 2665 894 2729 sic
930 2665 1012 2728 ridet
1036 2663 1233 2744 redimicula,
1259 2671 1436 2747 segmenta,

155 2755 295 2819 monilia.
353 2753 435 2817 Tum
468 2755 491 2816 ii
524 2755 733 2838 castigantur,
770 2777 849 2838 quos
894 2776 1042 2839 gemmae
1077 2754 1238 2817 delectant
1272 2754 1436 2833 adamans,

153 2845 262 2930 iaspis,
288 2845 439 2924 berullus,
464 2844 633 2928 sardonyx,
659 2842 769 2908 lucidis
799 2864 881 2926 arcae
912 2841 1090 2909 cristoditur
1120 2843 1260 2908 charnis.
1310 2845 1436 2913 12139.

261 2950 398 3014 Parcum
423 2951 542 3014 victum
568 2951 725 3014 maiorum
751 2951 871 3014 servari
896 2951 993 3029 iubet,
1019 2951 1076 3031 qui
1095 2949 1259 3032 ponebant
1281 2999 1313 3014 ..
1338 2949 1438 3015 Trescc

152 3040 282 3122 farrata
306 3040 429 3105 catinos
446 3041 590 3124 ollasque
607 3041 745 3125 grandes
758 3042 900 3125 pultibus
917 3041 1089 3123 fumantes,
1106 3039 1283 3119 holuscula,
1301 3040 1437 3103 lardum.

153 3132 273 3196 Poetae
302 3129 440 3214 denique
472 3132 602 3215 placent
631 3131 776 3214 siliquae,
806 3151 991 3215 asparagus,
1018 3151 1108 3204 uvae,
1134 3131 1214 3215 pira,
1243 3130 1338 3211 mala,
1367 3151 1437 3194 ova.

155 3221 357 3304 Aspernatur
387 3240 509 3297 eorum,
537 3219 652 3301 quibas
680 3221 717 3284 ia
746 3218 810 3284 scio
832 3219 962 3284 vivendi
984 3239 1080 3284 caasa
1100 3219 1211 3300 palato
1234 3223 1278 3284 est
1306 3220 1438 3299 urar),

154 3308 298 3386 obsonia,
314 3309 448 3388 boletos,
465 3310 589 3386 tubera,
606 3331 721 3394 panem
741 3309 827 3372 molli
844 3310 971 3393 siligine
987 3308 1108 3388 fictum,
1126 3309 1301 3392 placentas,
1319 3313 1438 3371 musta-

154 3420 257 3478 ceum,
282 3419 456 3482 popanum,
481 3397 619 3482 adipata.
667 3397 808 3462 Clientes
837 3400 936 3462 edunt
964 3399 1049 3482 apud
1079 3398 1243 3462 sordidum
1267 3403 1438 3482 patronum

125 3492 126 3496 ’
157 3489 293 3568 caulem,
318 3488 445 3570 fungos,
468 3486 588 3552 solidae
620 3483 686 3550 iura
714 3487 841 3552 arcaida
871 3487 978 3570 frusta
1004 3486 1145 3568 farinae.
1194 3486 1354 3551 Causidici
1380 3509 1438 3572 pro

154 3577 304 3642 mercede
339 3575 500 3661 accipiunt
534 3578 654 3641 siccum
687 3578 932 3660 petasunculum
961 3584 1017 3640 aut
1043 3577 1167 3641 bulbos.
1219 3576 1358 3642 Ministri
1385 3598 1439 3661 ap-

154 3674 278 3752 ponunt
307 3665 394 3730 cibos
423 3687 460 3730 ac
489 3667 634 3751 potiones
662 3666 818 3745 lancibus,
854 3667 953 3747 urnis,
978 3666 1121 3748 alveolis,
1146 3665 1274 3751 patinis,
1302 3666 1438 3752 patellis,

154 3755 281 3842 phialis,
307 3755 440 3841 cyathis,
463 3757 651 3836 crateribus,
676 3756 867 3842 crystallinis
903 3757 1119 3841 murrinisque
1153 3757 1285 3840 poculis.
1332 3755 1438 3820 Etiam

155 3847 218 3910 alia
242 3847 454 3910 instrumenta
478 3845 519 3909 ad
543 3845 691 3911 convivia
714 3847 908 3931 pertinentia
925 3851 1231 3910 commemorantur:
1257 3847 1438 3927 bascaulae,

156 3956 305 4021 mappae,
341 3933 515 3999 manubria
549 3936 746 4000 cultellorum
781 3955 874 4001 ossea.
927 3936 1087 4020 Pleraque
1122 3956 1234 3999 eorum
1267 3937 1439 4000 verborum

156 4025 253 4089 homo
287 4023 456 4108 disciplina
484 4025 644 4088 rhetorica
678 4026 806 4110 penitus
849 4026 991 4090 imbutus
1026 4026 1094 4089 sine
1129 4024 1227 4088 dubio
1263 4047 1439 4110 numquam

157 4115 263 4199 eloqui
288 4135 384 4178 ausus
409 4122 502 4195 essct,
525 4115 644 4199 quippe
661 4115 713 4178 cui
728 4137 768 4178 nc
785 4121 910 4180 acetum
928 4116 1058 4200 quidem
1083 4120 1138 4178 aut
1161 4115 1312 4199 spongias
1337 4116 1439 4178 nomi-

157 4226 235 4268 nare
259 4202 410 4284 liceret.¹)

262 4309 401 4386 Maxime
430 4316 537 4375 autem
560 4311 669 4376 vilitas
691 4311 925 4376 vocabulorum
956 4317 987 4376 et
1015 4311 1111 4376 totius
1140 4310 1288 4375 dictionis
1312 4312 1441 4395 squalor

258 4535 291 4623 'n
311 4557 375 4614 sen.
400 4563 489 4615 contr.
516 4559 575 4616 vu.
599 4563 677 4629 pas
702 4560 810 4628 (ouini.
835 4560 869 4616 n.
897 4565 936 4615 ro.
946 4580 965 4618 9.
988 4559 1049 4616 nn.
1070 4563 1111 4614 10.
1122 4561 1170 4625 a).
1213 4559 1248 4614 u:
1272 4558 1364 4628 arou,
1387 4544 1439 4614 no.

159 4644 233 4686 neue
251 4629 353 4686 Jahrb.
372 4629 418 4686 XI.
439 4632 498 4688 20⁵.
1324 4647 1329 4666 ··
