<?xml version="1.0" encoding="UTF-8"?>
<!DOCTYPE html PUBLIC "-//W3C//DTD XHTML 1.0 Transitional//EN"
    "http://www.w3.org/TR/xhtml1/DTD/xhtml1-transitional.dtd">
<html xmlns="http://www.w3.org/1999/xhtml" xml:lang="en" lang="en">
 <head>
  <title>
</title>
<meta http-equiv="Content-Type" content="text/html;charset=utf-8" />
  <meta name='ocr-system' content='tesseract 3.04.00' />
  <meta name='ocr-capabilities' content='ocr_page ocr_carea ocr_par ocr_line ocrx_word'/>
</head>
<body>
  <div class='ocr_page' id='page_1' title='image "./juvenalisethicu00schgoog_0015.png"; bbox 0 0 3512 5324; ppageno 0'>
   <div class='ocr_carea' id='block_1_1' title="bbox 786 926 828 1002">
    <p class='ocr_par' dir='ltr' id='par_1_1' title="bbox 786 926 828 1002">
     <span class='ocr_line' id='line_1_1' title="bbox 786 926 828 1002; baseline -0.024 0"><span class='ocrx_word' id='word_1_1' title='bbox 786 926 828 1002; x_wconf 88' lang='grc' dir='ltr'><strong>Η.</strong></span> 
     </span>
    </p>
   </div>
   <div class='ocr_carea' id='block_1_2' title="bbox 220 1100 1421 1309">
    <p class='ocr_par' dir='ltr' id='par_1_2' title="bbox 220 1100 1421 1309">
     <span class='ocr_line' id='line_1_2' title="bbox 220 1100 1393 1206; baseline 0 -23"><span class='ocrx_word' id='word_1_2' title='bbox 220 1100 334 1206; x_wconf 86' lang='lat' dir='ltr'><strong>Quid</strong></span> <span class='ocrx_word' id='word_1_3' title='bbox 362 1100 578 1183; x_wconf 79' lang='lat' dir='ltr'><strong>devehatis</strong></span> <span class='ocrx_word' id='word_1_4' title='bbox 606 1100 661 1182; x_wconf 88' lang='lat' dir='ltr'><strong>de</strong></span> <span class='ocrx_word' id='word_1_5' title='bbox 690 1100 952 1204; x_wconf 77' lang='lat' dir='ltr'>philosophia</span> <span class='ocrx_word' id='word_1_6' title='bbox 980 1105 1021 1182; x_wconf 87' lang='lat' dir='ltr'><strong>et</strong></span> <span class='ocrx_word' id='word_1_7' title='bbox 1048 1101 1103 1183; x_wconf 88' lang='lat' dir='ltr'><strong>de</strong></span> <span class='ocrx_word' id='word_1_8' title='bbox 1132 1101 1393 1204; x_wconf 81' lang='lat' dir='ltr'><strong>philosophis</strong></span> 
     </span>
     <span class='ocr_line' id='line_1_3' title="bbox 685 1219 1421 1309; baseline 0.003 -3"><span class='ocrx_word' id='word_1_9' title='bbox 685 1225 933 1309; x_wconf 81' lang='lat' dir='ltr'><strong>iudicaverit</strong></span> <span class='ocrx_word' id='word_1_10' title='bbox 1413 1219 1421 1237; x_wconf 81' lang='lat'><em>&#39;</em></span> 
     </span>
    </p>
   </div>
   <div class='ocr_carea' id='block_1_3' title="bbox 164 1405 1451 1671">
    <p class='ocr_par' dir='ltr' id='par_1_3' title="bbox 164 1405 1451 1671">
     <span class='ocr_line' id='line_1_4' title="bbox 274 1405 1451 1494; baseline 0.002 -24"><span class='ocrx_word' id='word_1_11' title='bbox 274 1405 339 1471; x_wconf 85' lang='lat' dir='ltr'><strong>Sed</strong></span> <span class='ocrx_word' id='word_1_12' title='bbox 362 1414 537 1494; x_wconf 91' lang='lat' dir='ltr'><strong>antequam</strong></span> <span class='ocrx_word' id='word_1_13' title='bbox 560 1407 601 1471; x_wconf 90' lang='lat' dir='ltr'><strong>ad</strong></span> <span class='ocrx_word' id='word_1_14' title='bbox 625 1407 752 1490; x_wconf 87' lang='lat' dir='ltr'><strong>singula</strong></span> <span class='ocrx_word' id='word_1_15' title='bbox 776 1413 988 1486; x_wconf 83' lang='lat' dir='ltr'><strong>transeamus,</strong></span> <span class='ocrx_word' id='word_1_16' title='bbox 1019 1407 1242 1488; x_wconf 84' lang='lat' dir='ltr'><strong>quaerendum</strong></span> <span class='ocrx_word' id='word_1_17' title='bbox 1266 1414 1324 1488; x_wconf 88' lang='lat' dir='ltr'><strong>est,</strong></span> <span class='ocrx_word' id='word_1_18' title='bbox 1360 1405 1451 1494; x_wconf 89' lang='lat' dir='ltr'><strong>quid</strong></span> 
     </span>
     <span class='ocr_line' id='line_1_5' title="bbox 166 1494 1449 1583; baseline 0.002 -24"><span class='ocrx_word' id='word_1_19' title='bbox 166 1503 300 1560; x_wconf 88' lang='lat' dir='ltr'><strong>noster</strong></span> <span class='ocrx_word' id='word_1_20' title='bbox 327 1497 471 1562; x_wconf 89' lang='lat' dir='ltr'><strong>sentiat</strong></span> <span class='ocrx_word' id='word_1_21' title='bbox 499 1497 543 1561; x_wconf 93' lang='lat' dir='ltr'><strong>de</strong></span> <span class='ocrx_word' id='word_1_22' title='bbox 573 1496 819 1581; x_wconf 80' lang='lat' dir='ltr'>philosophia</span> <span class='ocrx_word' id='word_1_23' title='bbox 842 1497 921 1581; x_wconf 89' lang='lat' dir='ltr'><strong>ipsa.</strong></span> <span class='ocrx_word' id='word_1_24' title='bbox 969 1494 1183 1562; x_wconf 77' lang='lat' dir='ltr'><strong>Conferamus</strong></span> <span class='ocrx_word' id='word_1_25' title='bbox 1206 1497 1305 1583; x_wconf 84' lang='lat' dir='ltr'><strong>igitur</strong></span> <span class='ocrx_word' id='word_1_26' title='bbox 1326 1517 1449 1580; x_wconf 87' lang='lat' dir='ltr'><strong>versus,</strong></span> 
     </span>
     <span class='ocr_line' id='line_1_6' title="bbox 164 1583 1448 1671; baseline 0.002 -22"><span class='ocrx_word' id='word_1_27' title='bbox 164 1585 222 1670; x_wconf 89' lang='lat' dir='ltr'><strong>qui</strong></span> <span class='ocrx_word' id='word_1_28' title='bbox 237 1592 364 1652; x_wconf 78' lang='lat' dir='ltr'><strong>exstant</strong></span> <span class='ocrx_word' id='word_1_29' title='bbox 378 1586 413 1650; x_wconf 93' lang='lat' dir='ltr'><strong>in</strong></span> <span class='ocrx_word' id='word_1_30' title='bbox 428 1593 538 1652; x_wconf 90' lang='lat' dir='ltr'><strong>satura</strong></span> <span class='ocrx_word' id='word_1_31' title='bbox 554 1586 648 1650; x_wconf 88' lang='lat' dir='ltr'><strong>tertia</strong></span> <span class='ocrx_word' id='word_1_32' title='bbox 663 1585 798 1665; x_wconf 87' lang='lat' dir='ltr'><strong>decime,</strong></span> <span class='ocrx_word' id='word_1_33' title='bbox 823 1583 878 1650; x_wconf 88' lang='lat' dir='ltr'><strong>uhi</strong></span> <span class='ocrx_word' id='word_1_34' title='bbox 893 1585 1050 1671; x_wconf 82' lang='lat' dir='ltr'><strong>sapientia</strong></span> <span class='ocrx_word' id='word_1_35' title='bbox 1066 1587 1115 1652; x_wconf 87' lang='lat' dir='ltr'><strong>hie</strong></span> <span class='ocrx_word' id='word_1_36' title='bbox 1131 1586 1237 1652; x_wconf 81' lang='lat' dir='ltr'><strong>verbis</strong></span> <span class='ocrx_word' id='word_1_37' title='bbox 1253 1585 1448 1653; x_wconf 87' lang='lat' dir='ltr'><strong>celebratur:</strong></span> 
     </span>
    </p>
   </div>
   <div class='ocr_carea' id='block_1_4' title="bbox 314 1743 1199 2007">
    <p class='ocr_par' dir='ltr' id='par_1_4' title="bbox 314 1725 1199 2007">
     <span class='ocr_line' id='line_1_7' title="bbox 314 1743 902 1828; baseline 0.005 -20"><span class='ocrx_word' id='word_1_38' title='bbox 314 1745 374 1809; x_wconf 80' lang='lat'><strong>187</strong></span> <span class='ocrx_word' id='word_1_39' title='bbox 422 1791 630 1812; x_wconf 87' lang='grc'><strong>.......</strong></span> <span class='ocrx_word' id='word_1_40' title='bbox 653 1743 797 1827; x_wconf 79' lang='lat' dir='ltr'><strong>plurima</strong></span> <span class='ocrx_word' id='word_1_41' title='bbox 819 1745 902 1828; x_wconf 75' lang='lat' dir='ltr'><strong>felia</strong></span> 
     </span>
     <span class='ocr_line' id='line_1_8' title="bbox 419 1833 1199 1917; baseline 0.004 -19"><span class='ocrx_word' id='word_1_42' title='bbox 419 1834 581 1917; x_wconf 74' lang='lat' dir='ltr'><strong>perstatim</strong></span> <span class='ocrx_word' id='word_1_43' title='bbox 604 1833 683 1901; x_wconf 82' lang='lat' dir='ltr'><strong>vitia</strong></span> <span class='ocrx_word' id='word_1_44' title='bbox 708 1839 802 1916; x_wconf 79' lang='lat' dir='ltr'><strong>atquc</strong></span> <span class='ocrx_word' id='word_1_45' title='bbox 823 1855 947 1902; x_wconf 82' lang='lat' dir='ltr'><strong>errores</strong></span> <span class='ocrx_word' id='word_1_46' title='bbox 969 1836 1067 1915; x_wconf 72' lang='lat' dir='ltr'><strong>cessit,</strong></span> <span class='ocrx_word' id='word_1_47' title='bbox 1092 1847 1199 1901; x_wconf 78' lang='lat' dir='ltr'><strong>omnes</strong></span> 
     </span>
     <span class='ocr_line' id='line_1_9' title="bbox 421 1924 970 2007; baseline 0.005 -20"><span class='ocrx_word' id='word_1_48' title='bbox 421 1925 531 2006; x_wconf 82' lang='lat' dir='ltr'><strong>prime</strong></span> <span class='ocrx_word' id='word_1_49' title='bbox 555 1924 639 1989; x_wconf 87' lang='lat' dir='ltr'><strong>docet</strong></span> <span class='ocrx_word' id='word_1_50' title='bbox 660 1928 778 1990; x_wconf 83' lang='lat' dir='ltr'><strong>rectam</strong></span> <span class='ocrx_word' id='word_1_51' title='bbox 799 1925 970 2007; x_wconf 73' lang='lat' dir='ltr'><strong><em>sapientia.</em></strong></span> 
     </span>
    </p>
   </div>
   <div class='ocr_carea' id='block_1_5' title="bbox 160 2083 1471 3402">
    <p class='ocr_par' dir='ltr' id='par_1_5' title="bbox 160 2083 1471 3402">
     <span class='ocr_line' id='line_1_10' title="bbox 273 2083 1448 2171; baseline 0.004 -24"><span class='ocrx_word' id='word_1_52' title='bbox 273 2083 472 2170; x_wconf 81' lang='lat' dir='ltr'><strong>Sapientiam</strong></span> <span class='ocrx_word' id='word_1_53' title='bbox 495 2083 546 2150; x_wconf 89' lang='lat' dir='ltr'><strong>hic</strong></span> <span class='ocrx_word' id='word_1_54' title='bbox 575 2085 661 2149; x_wconf 91' lang='lat' dir='ltr'><strong>idem</strong></span> <span class='ocrx_word' id='word_1_55' title='bbox 685 2085 868 2170; x_wconf 85' lang='lat' dir='ltr'><strong>significare</strong></span> <span class='ocrx_word' id='word_1_56' title='bbox 890 2106 928 2149; x_wconf 93' lang='lat' dir='ltr'><strong>ac</strong></span> <span class='ocrx_word' id='word_1_57' title='bbox 951 2083 1190 2171; x_wconf 81' lang='lat' dir='ltr'><strong>philosophiam</strong></span> <span class='ocrx_word' id='word_1_58' title='bbox 1229 2101 1303 2155; x_wconf 86' lang='lat' dir='ltr'><strong>cnm</strong></span> <span class='ocrx_word' id='word_1_59' title='bbox 1326 2107 1365 2150; x_wconf 84' lang='lat' dir='ltr'><strong>ex</strong></span> <span class='ocrx_word' id='word_1_60' title='bbox 1388 2108 1448 2152; x_wconf 88' lang='lat' dir='ltr'><strong>usu</strong></span> 
     </span>
     <span class='ocr_line' id='line_1_11' title="bbox 164 2173 1448 2259; baseline 0.002 -23"><span class='ocrx_word' id='word_1_61' title='bbox 164 2173 261 2237; x_wconf 84' lang='lat' dir='ltr'><strong>huius</strong></span> <span class='ocrx_word' id='word_1_62' title='bbox 282 2173 374 2238; x_wconf 79' lang='lat' dir='ltr'><strong>verbi</strong></span> <span class='ocrx_word' id='word_1_63' title='bbox 398 2175 484 2259; x_wconf 89' lang='lat' dir='ltr'><strong>apud</strong></span> <span class='ocrx_word' id='word_1_64' title='bbox 507 2175 678 2259; x_wconf 81' lang='lat' dir='ltr'><strong>scriptores</strong></span> <span class='ocrx_word' id='word_1_65' title='bbox 697 2173 863 2241; x_wconf 86' lang='lat' dir='ltr'><strong>Romanos</strong></span> <span class='ocrx_word' id='word_1_66' title='bbox 886 2183 955 2240; x_wconf 90' lang='lat' dir='ltr'><strong>tum</strong></span> <span class='ocrx_word' id='word_1_67' title='bbox 978 2197 1018 2239; x_wconf 87' lang='lat' dir='ltr'><strong>ex</strong></span> <span class='ocrx_word' id='word_1_68' title='bbox 1042 2175 1306 2242; x_wconf 78' lang='lat' dir='ltr'><strong>antecedentibus</strong></span> <span class='ocrx_word' id='word_1_69' title='bbox 1330 2176 1448 2257; x_wconf 79' lang='lat' dir='ltr'><strong>uerbis,</strong></span> 
     </span>
     <span class='ocr_line' id='line_1_12' title="bbox 161 2262 1449 2350; baseline 0.003 -24"><span class='ocrx_word' id='word_1_70' title='bbox 161 2262 282 2346; x_wconf 87' lang='lat' dir='ltr'><strong>quibus</strong></span> <span class='ocrx_word' id='word_1_71' title='bbox 308 2263 478 2328; x_wconf 89' lang='lat' dir='ltr'><strong>clementia</strong></span> <span class='ocrx_word' id='word_1_72' title='bbox 502 2263 656 2338; x_wconf 83' lang='lat' dir='ltr'><strong>Thaletis,</strong></span> <span class='ocrx_word' id='word_1_73' title='bbox 681 2262 861 2349; x_wconf 83' lang='lat' dir='ltr'><strong>Chrysippi,</strong></span> <span class='ocrx_word' id='word_1_74' title='bbox 887 2264 1027 2329; x_wconf 87' lang='lat' dir='ltr'><strong>Socratis</strong></span> <span class='ocrx_word' id='word_1_75' title='bbox 1054 2264 1268 2350; x_wconf 86' lang='lat' dir='ltr'><strong>praedicatur,</strong></span> <span class='ocrx_word' id='word_1_76' title='bbox 1299 2265 1449 2331; x_wconf 92' lang='lat' dir='ltr'><strong>omnibus</strong></span> 
     </span>
     <span class='ocr_line' id='line_1_13' title="bbox 160 2351 1447 2439; baseline 0.003 -23"><span class='ocrx_word' id='word_1_77' title='bbox 160 2352 313 2416; x_wconf 84' lang='lat' dir='ltr'><strong>elucebit.</strong></span> <span class='ocrx_word' id='word_1_78' title='bbox 359 2351 572 2417; x_wconf 78' lang='lat' dir='ltr'><strong>Consentiunt</strong></span> <span class='ocrx_word' id='word_1_79' title='bbox 596 2360 704 2417; x_wconf 87' lang='lat' dir='ltr'><strong>autern</strong></span> <span class='ocrx_word' id='word_1_80' title='bbox 739 2353 772 2416; x_wconf 92' lang='lat' dir='ltr'><strong>hi</strong></span> <span class='ocrx_word' id='word_1_81' title='bbox 806 2375 919 2418; x_wconf 85' lang='lat' dir='ltr'><strong>versus</strong></span> <span class='ocrx_word' id='word_1_82' title='bbox 942 2354 1174 2439; x_wconf 88' lang='lat' dir='ltr'><strong>propemodum</strong></span> <span class='ocrx_word' id='word_1_83' title='bbox 1206 2375 1280 2418; x_wconf 89' lang='lat' dir='ltr'><strong>cum</strong></span> <span class='ocrx_word' id='word_1_84' title='bbox 1304 2354 1447 2420; x_wconf 83' lang='lat' dir='ltr'><strong>Senecae</strong></span> 
     </span>
     <span class='ocr_line' id='line_1_14' title="bbox 163 2440 1449 2526; baseline 0.004 -21"><span class='ocrx_word' id='word_1_85' title='bbox 163 2441 272 2508; x_wconf 83' lang='lat' dir='ltr'><strong>verbis</strong></span> <span class='ocrx_word' id='word_1_86' title='bbox 296 2462 345 2526; x_wconf 92' lang='lat' dir='ltr'><strong>ep.</strong></span> <span class='ocrx_word' id='word_1_87' title='bbox 371 2441 461 2513; x_wconf 60' lang='lat'>894:</span> <span class='ocrx_word' id='word_1_88' title='bbox 512 2440 603 2524; x_wconf 82' lang='lat' dir='ltr'><strong>„Alii</strong></span> <span class='ocrx_word' id='word_1_89' title='bbox 629 2441 772 2507; x_wconf 83' lang='lat' dir='ltr'><strong>stadium</strong></span> <span class='ocrx_word' id='word_1_90' title='bbox 806 2441 898 2507; x_wconf 80' lang='lat' dir='ltr'><strong>illem</strong></span> <span class='ocrx_word' id='word_1_91' title='bbox 932 2442 1062 2510; x_wconf 79' lang='lat' dir='ltr'><strong>virtutis</strong></span> <span class='ocrx_word' id='word_1_92' title='bbox 1095 2465 1157 2510; x_wconf 83' lang='lat' dir='ltr'><strong>esee</strong></span> <span class='ocrx_word' id='word_1_93' title='bbox 1189 2443 1352 2524; x_wconf 64' lang='lat' dir='ltr'><strong>deamat,</strong></span> <span class='ocrx_word' id='word_1_94' title='bbox 1387 2445 1449 2510; x_wconf 76' lang='lat' dir='ltr'><strong>alii</strong></span> 
     </span>
     <span class='ocr_line' id='line_1_15' title="bbox 160 2530 1448 2616; baseline 0.001 -21"><span class='ocrx_word' id='word_1_95' title='bbox 160 2530 305 2596; x_wconf 55' lang='lat' dir='ltr'><strong>&amp;redium</strong></span> <span class='ocrx_word' id='word_1_96' title='bbox 339 2530 586 2614; x_wconf 79' lang='lat' dir='ltr'><strong>corripeadoe</strong></span> <span class='ocrx_word' id='word_1_97' title='bbox 619 2531 764 2597; x_wconf 71' lang='lat' dir='ltr'><strong>vacatis.</strong></span> <span class='ocrx_word' id='word_1_98' title='bbox 815 2531 845 2596; x_wconf 87' lang='lat' dir='ltr'><strong><em>A</em></strong></span> <span class='ocrx_word' id='word_1_99' title='bbox 879 2531 1069 2613; x_wconf 76' lang='lat' dir='ltr'><strong>quibusdam</strong></span> <span class='ocrx_word' id='word_1_100' title='bbox 1104 2533 1187 2598; x_wconf 85' lang='lat' dir='ltr'><strong>dicte</strong></span> <span class='ocrx_word' id='word_1_101' title='bbox 1220 2536 1265 2598; x_wconf 85' lang='lat' dir='ltr'><strong>est</strong></span> <span class='ocrx_word' id='word_1_102' title='bbox 1297 2534 1448 2616; x_wconf 82' lang='lat' dir='ltr'><strong>appetitio</strong></span> 
     </span>
     <span class='ocr_line' id='line_1_16' title="bbox 162 2618 1448 2708; baseline 0.003 -25"><span class='ocrx_word' id='word_1_103' title='bbox 162 2623 263 2685; x_wconf 74' lang='lat' dir='ltr'><strong>rectae</strong></span> <span class='ocrx_word' id='word_1_104' title='bbox 296 2618 453 2686; x_wconf 77' lang='lat' dir='ltr'><strong>ratloais“</strong></span> <span class='ocrx_word' id='word_1_105' title='bbox 481 2620 520 2685; x_wconf 84' lang='lat' dir='ltr'><strong>cf.</strong></span> <span class='ocrx_word' id='word_1_106' title='bbox 553 2620 592 2686; x_wconf 89' lang='lat' dir='ltr'><strong>fr.</strong></span> <span class='ocrx_word' id='word_1_107' title='bbox 630 2621 679 2684; x_wconf 89' lang='grc'><strong>17.</strong></span> <span class='ocrx_word' id='word_1_108' title='bbox 726 2621 832 2685; x_wconf 76' lang='lat' dir='ltr'><strong>Etiam</strong></span> <span class='ocrx_word' id='word_1_109' title='bbox 871 2621 980 2686; x_wconf 89' lang='lat' dir='ltr'><strong>multis</strong></span> <span class='ocrx_word' id='word_1_110' title='bbox 1019 2622 1090 2686; x_wconf 90' lang='lat' dir='ltr'><strong>aliis</strong></span> <span class='ocrx_word' id='word_1_111' title='bbox 1127 2622 1206 2686; x_wconf 90' lang='lat' dir='ltr'><strong>locis</strong></span> <span class='ocrx_word' id='word_1_112' title='bbox 1245 2622 1448 2708; x_wconf 91' lang='lat' dir='ltr'><strong>philosophia</strong></span> 
     </span>
     <span class='ocr_line' id='line_1_17' title="bbox 162 2708 1445 2790; baseline 0.003 -18"><span class='ocrx_word' id='word_1_113' title='bbox 162 2709 196 2772; x_wconf 92' lang='lat' dir='ltr'><strong>id</strong></span> <span class='ocrx_word' id='word_1_114' title='bbox 232 2710 370 2774; x_wconf 81' lang='lat' dir='ltr'><strong>maxime</strong></span> <span class='ocrx_word' id='word_1_115' title='bbox 394 2708 490 2790; x_wconf 81' lang='lat' dir='ltr'><strong>effici,</strong></span> <span class='ocrx_word' id='word_1_116' title='bbox 525 2716 561 2773; x_wconf 92' lang='lat' dir='ltr'><strong>ut</strong></span> <span class='ocrx_word' id='word_1_117' title='bbox 595 2731 719 2774; x_wconf 86' lang='lat' dir='ltr'><strong>errores</strong></span> <span class='ocrx_word' id='word_1_118' title='bbox 754 2731 791 2774; x_wconf 88' lang='lat' dir='ltr'><strong>ac</strong></span> <span class='ocrx_word' id='word_1_119' title='bbox 815 2712 893 2774; x_wconf 86' lang='lat' dir='ltr'><strong>vitia</strong></span> <span class='ocrx_word' id='word_1_120' title='bbox 929 2711 1083 2781; x_wconf 84' lang='lat' dir='ltr'><strong>tollantur</strong></span> <span class='ocrx_word' id='word_1_121' title='bbox 1105 2718 1137 2775; x_wconf 92' lang='lat' dir='ltr'><strong>et</strong></span> <span class='ocrx_word' id='word_1_122' title='bbox 1159 2718 1282 2778; x_wconf 89' lang='lat' dir='ltr'><strong>rectum</strong></span> <span class='ocrx_word' id='word_1_123' title='bbox 1306 2747 1349 2756; x_wconf 91' lang='lat'><strong>—-</strong></span> <span class='ocrx_word' id='word_1_124' title='bbox 1372 2714 1392 2775; x_wconf 92' lang='lat' dir='ltr'><strong>i.</strong></span> <span class='ocrx_word' id='word_1_125' title='bbox 1418 2734 1445 2776; x_wconf 92' lang='lat' dir='ltr'><strong>e.</strong></span> 
     </span>
     <span class='ocr_line' id='line_1_18' title="bbox 162 2799 1447 2889; baseline 0.004 -27"><span class='ocrx_word' id='word_1_126' title='bbox 162 2799 265 2862; x_wconf 80' lang='lat' dir='ltr'><strong>virtus</strong></span> <span class='ocrx_word' id='word_1_127' title='bbox 287 2834 331 2843; x_wconf 89' lang='lat'>—</span> <span class='ocrx_word' id='word_1_128' title='bbox 355 2802 535 2883; x_wconf 85' lang='lat' dir='ltr'><strong>appetatur,</strong></span> <span class='ocrx_word' id='word_1_129' title='bbox 575 2799 674 2863; x_wconf 84' lang='lat' dir='ltr'><strong>Stoici</strong></span> <span class='ocrx_word' id='word_1_130' title='bbox 707 2800 833 2877; x_wconf 86' lang='lat' dir='ltr'><strong>docent,</strong></span> <span class='ocrx_word' id='word_1_131' title='bbox 873 2801 928 2887; x_wconf 89' lang='lat' dir='ltr'><strong>qni</strong></span> <span class='ocrx_word' id='word_1_132' title='bbox 962 2821 1117 2889; x_wconf 87' lang='lat' dir='ltr'><strong>persaepe</strong></span> <span class='ocrx_word' id='word_1_133' title='bbox 1154 2807 1287 2886; x_wconf 87' lang='lat' dir='ltr'><strong>peccata</strong></span> <span class='ocrx_word' id='word_1_134' title='bbox 1321 2822 1447 2867; x_wconf 89' lang='lat' dir='ltr'><strong>errores</strong></span> 
     </span>
     <span class='ocr_line' id='line_1_19' title="bbox 161 2889 1445 2975; baseline 0.003 -24"><span class='ocrx_word' id='word_1_135' title='bbox 161 2894 290 2967; x_wconf 83' lang='lat' dir='ltr'><strong>vocant,</strong></span> <span class='ocrx_word' id='word_1_136' title='bbox 340 2889 493 2973; x_wconf 90' lang='lat' dir='ltr'><strong>quoniam</strong></span> <span class='ocrx_word' id='word_1_137' title='bbox 543 2889 705 2954; x_wconf 89' lang='lat' dir='ltr'><strong>neminem</strong></span> <span class='ocrx_word' id='word_1_138' title='bbox 756 2891 817 2954; x_wconf 89' lang='lat' dir='ltr'><strong>nisi</strong></span> <span class='ocrx_word' id='word_1_139' title='bbox 867 2892 1016 2973; x_wconf 83' lang='lat' dir='ltr'><strong>ignarum</strong></span> <span class='ocrx_word' id='word_1_140' title='bbox 1069 2911 1204 2975; x_wconf 87' lang='lat' dir='ltr'><strong>peccare</strong></span> <span class='ocrx_word' id='word_1_141' title='bbox 1255 2892 1445 2956; x_wconf 89' lang='lat' dir='ltr'><strong>sentiebant.</strong></span> 
     </span>
     <span class='ocr_line' id='line_1_20' title="bbox 162 2976 1471 3065; baseline 0.003 -24"><span class='ocrx_word' id='word_1_142' title='bbox 162 2976 325 3041; x_wconf 88' lang='lat' dir='ltr'><strong>Rectum</strong></span> <span class='ocrx_word' id='word_1_143' title='bbox 359 2985 477 3058; x_wconf 84' lang='lat' dir='ltr'><strong>autem,</strong></span> <span class='ocrx_word' id='word_1_144' title='bbox 514 2978 600 3064; x_wconf 91' lang='lat' dir='ltr'><strong>quod</strong></span> <span class='ocrx_word' id='word_1_145' title='bbox 634 2977 727 3042; x_wconf 91' lang='lat' dir='ltr'><strong>docet</strong></span> <span class='ocrx_word' id='word_1_146' title='bbox 762 2979 929 3064; x_wconf 84' lang='lat' dir='ltr'><strong>sapientia,</strong></span> <span class='ocrx_word' id='word_1_147' title='bbox 964 2979 1208 3065; x_wconf 68' lang='grc' dir='ltr'>κατορθώματα</span> <span class='ocrx_word' id='word_1_148' title='bbox 1243 2987 1327 3061; x_wconf 91' lang='lat' dir='ltr'><strong>sunt,</strong></span> <span class='ocrx_word' id='word_1_149' title='bbox 1361 3003 1471 3065; x_wconf 82' lang='lat' dir='ltr'><strong>quae·</strong></span> 
     </span>
     <span class='ocr_line' id='line_1_21' title="bbox 161 3066 1446 3154; baseline 0.005 -25"><span class='ocrx_word' id='word_1_150' title='bbox 161 3074 370 3151; x_wconf 92' lang='lat' dir='ltr'><strong>opponuntur</strong></span> <span class='ocrx_word' id='word_1_151' title='bbox 393 3068 604 3137; x_wconf 87' lang='lat' dir='ltr'><strong>erroribus.</strong></span> <span class='ocrx_word' id='word_1_152' title='bbox 630 3089 710 3151; x_wconf 91' lang='lat' dir='ltr'><strong>quos</strong></span> <span class='ocrx_word' id='word_1_153' title='bbox 732 3066 850 3132; x_wconf 85' lang='lat' dir='ltr'><strong>Graeci</strong></span> <span class='ocrx_word' id='word_1_154' title='bbox 873 3075 990 3132; x_wconf 83' lang='lat' dir='ltr'><strong>vocant</strong></span> <span class='ocrx_word' id='word_1_155' title='bbox 1014 3067 1241 3154; x_wconf 83' lang='grc' dir='ltr'>ἁμαρτήματα,</span> <span class='ocrx_word' id='word_1_156' title='bbox 1289 3070 1446 3144; x_wconf 83' lang='lat' dir='ltr'><strong>Videmus</strong></span> 
     </span>
     <span class='ocr_line' id='line_1_22' title="bbox 161 3156 1445 3240; baseline 0.004 -22"><span class='ocrx_word' id='word_1_157' title='bbox 161 3156 262 3240; x_wconf 83' lang='lat' dir='ltr'><strong>igitur</strong></span> <span class='ocrx_word' id='word_1_158' title='bbox 285 3177 347 3220; x_wconf 92' lang='lat' dir='ltr'><strong>non</strong></span> <span class='ocrx_word' id='word_1_159' title='bbox 373 3157 477 3220; x_wconf 91' lang='lat' dir='ltr'><strong>solum</strong></span> <span class='ocrx_word' id='word_1_160' title='bbox 500 3159 703 3236; x_wconf 88' lang='lat' dir='ltr'><strong>sententiam,</strong></span> <span class='ocrx_word' id='word_1_161' title='bbox 728 3158 784 3220; x_wconf 91' lang='lat' dir='ltr'><strong>sed</strong></span> <span class='ocrx_word' id='word_1_162' title='bbox 808 3159 905 3221; x_wconf 89' lang='lat' dir='ltr'><strong>etiam</strong></span> <span class='ocrx_word' id='word_1_163' title='bbox 922 3180 1015 3222; x_wconf 91' lang='lat' dir='ltr'><strong>usum</strong></span> <span class='ocrx_word' id='word_1_164' title='bbox 1032 3160 1205 3223; x_wconf 79' lang='lat' dir='ltr'><strong>verborum</strong></span> <span class='ocrx_word' id='word_1_165' title='bbox 1221 3159 1301 3223; x_wconf 93' lang='lat' dir='ltr'><strong>nihil</strong></span> <span class='ocrx_word' id='word_1_166' title='bbox 1316 3159 1445 3224; x_wconf 87' lang='lat' dir='ltr'><strong>differre</strong></span> 
     </span>
     <span class='ocr_line' id='line_1_23' title="bbox 160 3244 1445 3333; baseline 0.004 -25"><span class='ocrx_word' id='word_1_167' title='bbox 160 3266 183 3308; x_wconf 91' lang='lat' dir='ltr'><strong>a</strong></span> <span class='ocrx_word' id='word_1_168' title='bbox 217 3245 385 3330; x_wconf 87' lang='lat' dir='ltr'><strong>disciplina</strong></span> <span class='ocrx_word' id='word_1_169' title='bbox 410 3246 527 3310; x_wconf 87' lang='lat' dir='ltr'><strong>Stoica.</strong></span> <span class='ocrx_word' id='word_1_170' title='bbox 575 3244 657 3310; x_wconf 87' lang='lat' dir='ltr'><strong>Cum</strong></span> <span class='ocrx_word' id='word_1_171' title='bbox 681 3246 796 3311; x_wconf 88' lang='lat' dir='ltr'><strong>Stoicis</strong></span> <span class='ocrx_word' id='word_1_172' title='bbox 831 3248 864 3310; x_wconf 87' lang='lat' dir='ltr'><strong>in</strong></span> <span class='ocrx_word' id='word_1_173' title='bbox 900 3256 959 3312; x_wconf 87' lang='lat' dir='ltr'><strong>sat.</strong></span> <span class='ocrx_word' id='word_1_174' title='bbox 998 3249 1039 3310; x_wconf 89' lang='grc'><strong>14</strong></span> <span class='ocrx_word' id='word_1_175' title='bbox 1074 3270 1202 3333; x_wconf 89' lang='lat' dir='ltr'><strong>quoque</strong></span> <span class='ocrx_word' id='word_1_176' title='bbox 1237 3250 1445 3313; x_wconf 88' lang='lat' dir='ltr'><strong>seeundum</strong></span> 
     </span>
     <span class='ocr_line' id='line_1_24' title="bbox 162 3334 739 3402; baseline 0.003 -4"><span class='ocrx_word' id='word_1_177' title='bbox 162 3342 338 3399; x_wconf 87' lang='lat' dir='ltr'><strong>naturam</strong></span> <span class='ocrx_word' id='word_1_178' title='bbox 362 3334 472 3399; x_wconf 84' lang='lat' dir='ltr'><strong>vivere</strong></span> <span class='ocrx_word' id='word_1_179' title='bbox 496 3336 598 3399; x_wconf 89' lang='lat' dir='ltr'><strong>iubet:</strong></span> <span class='ocrx_word' id='word_1_180' title='bbox 622 3358 652 3399; x_wconf 82' lang='lat' dir='ltr'><strong>u.</strong></span> <span class='ocrx_word' id='word_1_181' title='bbox 677 3339 739 3402; x_wconf 75' lang='lat'><strong>321</strong></span> 
     </span>
    </p>
   </div>
   <div class='ocr_carea' id='block_1_6' title="bbox 371 3494 1237 3579">
    <p class='ocr_par' dir='ltr' id='par_1_6' title="bbox 371 3494 1237 3579">
     <span class='ocr_line' id='line_1_25' title="bbox 371 3494 1237 3579; baseline 0.001 -21"><span class='ocrx_word' id='word_1_182' title='bbox 371 3494 558 3576; x_wconf 67' lang='lat' dir='ltr'><strong>sermenem</strong></span> <span class='ocrx_word' id='word_1_183' title='bbox 582 3494 676 3560; x_wconf 80' lang='lat' dir='ltr'><strong>aliud</strong></span> <span class='ocrx_word' id='word_1_184' title='bbox 697 3499 830 3575; x_wconf 73' lang='lat' dir='ltr'><strong>etaltera,</strong></span> <span class='ocrx_word' id='word_1_185' title='bbox 854 3494 948 3561; x_wconf 83' lang='lat' dir='ltr'><strong>aliud</strong></span> <span class='ocrx_word' id='word_1_186' title='bbox 969 3497 1130 3579; x_wconf 67' lang='lat' dir='ltr'><strong>saphatia</strong></span> <span class='ocrx_word' id='word_1_187' title='bbox 1154 3496 1237 3562; x_wconf 82' lang='lat' dir='ltr'><strong>dicit.</strong></span> 
     </span>
    </p>
   </div>
   <div class='ocr_carea' id='block_1_7' title="bbox 91 3653 1444 3922">
    <p class='ocr_par' dir='ltr' id='par_1_7' title="bbox 91 3653 1444 3922">
     <span class='ocr_line' id='line_1_26' title="bbox 270 3653 1442 3742; baseline 0.005 -25"><span class='ocrx_word' id='word_1_188' title='bbox 270 3653 364 3725; x_wconf 81' lang='lat' dir='ltr'><strong>Quod</strong></span> <span class='ocrx_word' id='word_1_189' title='bbox 388 3655 434 3719; x_wconf 92' lang='lat' dir='ltr'><strong>illi</strong></span> <span class='ocrx_word' id='word_1_190' title='bbox 458 3676 661 3721; x_wconf 87' lang='lat' dir='ltr'><strong>commonere</strong></span> <span class='ocrx_word' id='word_1_191' title='bbox 685 3677 862 3742; x_wconf 86' lang='lat' dir='ltr'><strong>numquam</strong></span> <span class='ocrx_word' id='word_1_192' title='bbox 886 3657 1114 3737; x_wconf 85' lang='lat' dir='ltr'><strong>desinebant.¹)</strong></span> <span class='ocrx_word' id='word_1_193' title='bbox 1143 3657 1184 3722; x_wconf 87' lang='lat' dir='ltr'><strong>cf.</strong></span> <span class='ocrx_word' id='word_1_194' title='bbox 1208 3657 1250 3720; x_wconf 89' lang='lat' dir='ltr'><strong>M.</strong></span> <span class='ocrx_word' id='word_1_195' title='bbox 1275 3657 1353 3722; x_wconf 82' lang='lat' dir='ltr'><strong>Aur.</strong></span> <span class='ocrx_word' id='word_1_196' title='bbox 1373 3655 1442 3728; x_wconf 75' lang='lat' dir='ltr'><strong>be:</strong></span> 
     </span>
     <span class='ocr_line' id='line_1_27' title="bbox 91 3742 1444 3830; baseline 0.005 -26"><span class='ocrx_word' id='word_1_197' title='bbox 91 3781 96 3790; x_wconf 88' lang='lat'>·</span> <span class='ocrx_word' id='word_1_198' title='bbox 161 3742 306 3828; x_wconf 66' lang='grc' dir='ltr'>μέμνησο</span> <span class='ocrx_word' id='word_1_199' title='bbox 324 3744 369 3820; x_wconf 82' lang='grc' dir='ltr'><strong>δὲ,</strong></span> <span class='ocrx_word' id='word_1_200' title='bbox 393 3746 440 3808; x_wconf 79' lang='grc' dir='ltr'><strong>δτι</strong></span> <span class='ocrx_word' id='word_1_201' title='bbox 463 3744 633 3829; x_wconf 79' lang='grc' dir='ltr'>φιλοσοφία</span> <span class='ocrx_word' id='word_1_202' title='bbox 659 3746 739 3830; x_wconf 83' lang='grc' dir='ltr'>μόνα</span> <span class='ocrx_word' id='word_1_203' title='bbox 756 3746 847 3809; x_wconf 70' lang='grc' dir='ltr'>θέλει</span> <span class='ocrx_word' id='word_1_204' title='bbox 872 3747 1039 3830; x_wconf 72' lang='grc' dir='ltr'>ἃὴφύσις</span> <span class='ocrx_word' id='word_1_205' title='bbox 1063 3766 1124 3809; x_wconf 89' lang='grc' dir='ltr'>σου·</span> <span class='ocrx_word' id='word_1_206' title='bbox 1144 3744 1273 3829; x_wconf 56' lang='lat' dir='ltr'><strong>deleat)</strong></span> <span class='ocrx_word' id='word_1_207' title='bbox 1320 3747 1444 3811; x_wconf 86' lang='lat' dir='ltr'><strong>Tamen</strong></span> 
     </span>
     <span class='ocr_line' id='line_1_28' title="bbox 162 3834 1444 3922; baseline 0.006 -28"><span class='ocrx_word' id='word_1_208' title='bbox 162 3853 350 3915; x_wconf 83' lang='lat' dir='ltr'><strong>perversum</strong></span> <span class='ocrx_word' id='word_1_209' title='bbox 366 3841 414 3896; x_wconf 87' lang='lat' dir='ltr'><strong>est</strong></span> <span class='ocrx_word' id='word_1_210' title='bbox 430 3855 471 3901; x_wconf 80' lang='lat' dir='ltr'><strong>ex</strong></span> <span class='ocrx_word' id='word_1_211' title='bbox 485 3834 535 3897; x_wconf 89' lang='lat' dir='ltr'><strong>his</strong></span> <span class='ocrx_word' id='word_1_212' title='bbox 551 3835 662 3918; x_wconf 87' lang='lat' dir='ltr'><strong>paucis</strong></span> <span class='ocrx_word' id='word_1_213' title='bbox 678 3835 786 3899; x_wconf 87' lang='lat' dir='ltr'><strong>verbis</strong></span> <span class='ocrx_word' id='word_1_214' title='bbox 802 3836 994 3902; x_wconf 89' lang='lat' dir='ltr'><strong>concludere</strong></span> <span class='ocrx_word' id='word_1_215' title='bbox 1009 3835 1030 3900; x_wconf 90' lang='lat' dir='ltr'><strong>J</strong></span> <span class='ocrx_word' id='word_1_216' title='bbox 1033 3836 1201 3901; x_wconf 88' lang='lat' dir='ltr'><strong>uvenalem</strong></span> <span class='ocrx_word' id='word_1_217' title='bbox 1216 3836 1444 3922; x_wconf 90' lang='lat' dir='ltr'><strong>philosophum</strong></span> 
     </span>
    </p>
   </div>
   <div class='ocr_carea' id='block_1_8' title="bbox 161 3922 1442 4189">
    <p class='ocr_par' dir='ltr' id='par_1_8' title="bbox 161 3922 1442 4189">
     <span class='ocr_line' id='line_1_29' title="bbox 161 3922 1442 4014; baseline 0.004 -30"><span class='ocrx_word' id='word_1_218' title='bbox 161 3943 238 3988; x_wconf 76' lang='lat' dir='ltr'><strong>uere</strong></span> <span class='ocrx_word' id='word_1_219' title='bbox 262 3922 405 3986; x_wconf 84' lang='lat' dir='ltr'><strong>Stoicum</strong></span> <span class='ocrx_word' id='word_1_220' title='bbox 441 3923 549 3987; x_wconf 84' lang='lat' dir='ltr'><strong>luisse.</strong></span> <span class='ocrx_word' id='word_1_221' title='bbox 598 3924 685 3988; x_wconf 86' lang='lat' dir='ltr'><strong>Vitia</strong></span> <span class='ocrx_word' id='word_1_222' title='bbox 719 3925 843 4009; x_wconf 86' lang='lat' dir='ltr'><strong>fugere,</strong></span> <span class='ocrx_word' id='word_1_223' title='bbox 875 3932 985 4014; x_wconf 89' lang='lat' dir='ltr'><strong>petere</strong></span> <span class='ocrx_word' id='word_1_224' title='bbox 1015 3926 1168 3988; x_wconf 85' lang='lat' dir='ltr'><strong>virtutem</strong></span> <span class='ocrx_word' id='word_1_225' title='bbox 1191 3926 1442 4010; x_wconf 85' lang='lat' dir='ltr'><strong>uniuscuiusque</strong></span> 
     </span>
     <span class='ocr_line' id='line_1_30' title="bbox 164 4011 1442 4099; baseline 0.005 -25"><span class='ocrx_word' id='word_1_226' title='bbox 164 4017 219 4090; x_wconf 87' lang='lat' dir='ltr'><strong>est,</strong></span> <span class='ocrx_word' id='word_1_227' title='bbox 245 4013 300 4095; x_wconf 91' lang='lat' dir='ltr'><strong>qui</strong></span> <span class='ocrx_word' id='word_1_228' title='bbox 324 4011 458 4075; x_wconf 90' lang='lat' dir='ltr'><strong>honesto</strong></span> <span class='ocrx_word' id='word_1_229' title='bbox 483 4014 590 4076; x_wconf 89' lang='lat' dir='ltr'><strong>animo</strong></span> <span class='ocrx_word' id='word_1_230' title='bbox 608 4013 772 4098; x_wconf 89' lang='lat' dir='ltr'><strong>praeditus</strong></span> <span class='ocrx_word' id='word_1_231' title='bbox 789 4020 845 4077; x_wconf 86' lang='lat' dir='ltr'><strong>est.</strong></span> <span class='ocrx_word' id='word_1_232' title='bbox 897 4013 1086 4098; x_wconf 86' lang='lat' dir='ltr'><strong>Philosophi</strong></span> <span class='ocrx_word' id='word_1_233' title='bbox 1108 4021 1218 4078; x_wconf 87' lang='lat' dir='ltr'><strong>autem</strong></span> <span class='ocrx_word' id='word_1_234' title='bbox 1239 4016 1442 4099; x_wconf 88' lang='lat' dir='ltr'><strong>potissimum</strong></span> 
     </span>
     <span class='ocr_line' id='line_1_31' title="bbox 162 4101 1442 4189; baseline 0.004 -26"><span class='ocrx_word' id='word_1_235' title='bbox 162 4101 264 4164; x_wconf 86' lang='lat' dir='ltr'><strong>solam</strong></span> <span class='ocrx_word' id='word_1_236' title='bbox 289 4101 480 4185; x_wconf 87' lang='lat' dir='ltr'><strong>sapientiam</strong></span> <span class='ocrx_word' id='word_1_237' title='bbox 504 4103 556 4166; x_wconf 79' lang='lat' dir='ltr'><strong>vel</strong></span> <span class='ocrx_word' id='word_1_238' title='bbox 572 4104 739 4167; x_wconf 87' lang='lat' dir='ltr'><strong>scientiam</strong></span> <span class='ocrx_word' id='word_1_239' title='bbox 756 4125 866 4167; x_wconf 87' lang='lat' dir='ltr'><strong>rerum</strong></span> <span class='ocrx_word' id='word_1_240' title='bbox 886 4104 1100 4168; x_wconf 87' lang='lat' dir='ltr'><strong>humanarum</strong></span> <span class='ocrx_word' id='word_1_241' title='bbox 1118 4104 1365 4189; x_wconf 81' lang='lat' dir='ltr'><strong>divinarumque</strong></span> <span class='ocrx_word' id='word_1_242' title='bbox 1382 4105 1442 4168; x_wconf 91' lang='lat' dir='ltr'><strong>hoc</strong></span> 
     </span>
    </p>
   </div>
   <div class='ocr_carea' id='block_1_9' title="bbox 159 4347 1441 4633">
    <p class='ocr_par' dir='ltr' id='par_1_9' title="bbox 159 4347 1441 4633">
     <span class='ocr_line' id='line_1_32' title="bbox 270 4347 1441 4419; baseline 0.006 -18"><span class='ocrx_word' id='word_1_243' title='bbox 270 4349 296 4412; x_wconf 83' lang='lat'><strong>1)</strong></span> <span class='ocrx_word' id='word_1_244' title='bbox 315 4347 409 4403; x_wconf 85' lang='lat' dir='ltr'><strong>Zeller·</strong></span> <span class='ocrx_word' id='word_1_245' title='bbox 421 4349 468 4404; x_wconf 86' lang='grc' dir='ltr'>ΙΙΙ.</span> <span class='ocrx_word' id='word_1_246' title='bbox 486 4348 512 4404; x_wconf 84' lang='lat'><strong>1³</strong></span> <span class='ocrx_word' id='word_1_247' title='bbox 525 4349 596 4404; x_wconf 69' lang='lat'><strong>209⁴.</strong></span> <span class='ocrx_word' id='word_1_248' title='bbox 624 4350 655 4405; x_wconf 87' lang='lat' dir='ltr'><strong>[n</strong></span> <span class='ocrx_word' id='word_1_249' title='bbox 669 4349 805 4404; x_wconf 88' lang='lat' dir='ltr'><strong>omnihus</strong></span> <span class='ocrx_word' id='word_1_250' title='bbox 818 4349 905 4404; x_wconf 86' lang='lat' dir='ltr'><strong>rebus</strong></span> <span class='ocrx_word' id='word_1_251' title='bbox 919 4353 1055 4405; x_wconf 86' lang='lat' dir='ltr'><strong>naturam</strong></span> <span class='ocrx_word' id='word_1_252' title='bbox 1069 4349 1248 4419; x_wconf 85' lang='lat' dir='ltr'><strong>sequendam</strong></span> <span class='ocrx_word' id='word_1_253' title='bbox 1263 4364 1326 4406; x_wconf 91' lang='lat' dir='ltr'><strong>esse</strong></span> <span class='ocrx_word' id='word_1_254' title='bbox 1340 4350 1441 4419; x_wconf 81' lang='lat' dir='ltr'><strong>Cynici</strong></span> 
     </span>
     <span class='ocr_line' id='line_1_33' title="bbox 159 4418 1440 4500; baseline 0.005 -28"><span class='ocrx_word' id='word_1_255' title='bbox 159 4432 277 4500; x_wconf 76' lang='lat' dir='ltr'><strong>quoque</strong></span> <span class='ocrx_word' id='word_1_256' title='bbox 297 4418 475 4476; x_wconf 87' lang='lat' dir='ltr'><strong>statuebant.</strong></span> <span class='ocrx_word' id='word_1_257' title='bbox 513 4421 542 4476; x_wconf 86' lang='lat' dir='ltr'><strong>E.</strong></span> <span class='ocrx_word' id='word_1_258' title='bbox 563 4421 675 4488; x_wconf 87' lang='lat' dir='ltr'><strong>Weber,</strong></span> <span class='ocrx_word' id='word_1_259' title='bbox 694 4422 731 4476; x_wconf 91' lang='lat' dir='ltr'><strong>de</strong></span> <span class='ocrx_word' id='word_1_260' title='bbox 750 4421 843 4475; x_wconf 87' lang='lat' dir='ltr'><strong>Dione</strong></span> <span class='ocrx_word' id='word_1_261' title='bbox 872 4421 938 4476; x_wconf 82' lang='lat' dir='ltr'><strong>Chr.</strong></span> <span class='ocrx_word' id='word_1_262' title='bbox 968 4421 1141 4490; x_wconf 84' lang='lat' dir='ltr'><strong>Cynicorum</strong></span> <span class='ocrx_word' id='word_1_263' title='bbox 1170 4423 1321 4480; x_wconf 86' lang='lat' dir='ltr'><strong>sectatore.</strong></span> <span class='ocrx_word' id='word_1_264' title='bbox 1359 4421 1440 4478; x_wconf 87' lang='lat' dir='ltr'><strong>Stud.</strong></span> 
     </span>
     <span class='ocr_line' id='line_1_34' title="bbox 161 4488 1439 4633; baseline 0.004 -18"><span class='ocrx_word' id='word_1_265' title='bbox 161 4489 236 4559; x_wconf 41' lang='lat' dir='ltr'>&#39;Aps&#39;</span> <span class='ocrx_word' id='word_1_266' title='bbox 255 4488 443 4630; x_wconf 46' lang='grc' dir='ltr'><strong>ξ)Ροΐ.987.81(ιι;</strong></span> <span class='ocrx_word' id='word_1_267' title='bbox 472 4562 536 4619; x_wconf 85' lang='lat' dir='ltr'><strong>Sen.</strong></span> <span class='ocrx_word' id='word_1_268' title='bbox 556 4579 600 4632; x_wconf 86' lang='lat' dir='ltr'><strong>ep.</strong></span> <span class='ocrx_word' id='word_1_269' title='bbox 620 4565 685 4622; x_wconf 69' lang='lat' dir='ltr'><strong>tle.</strong></span> <span class='ocrx_word' id='word_1_270' title='bbox 723 4562 825 4633; x_wconf 82' lang='lat' dir='ltr'><strong>Chrys.</strong></span> <span class='ocrx_word' id='word_1_271' title='bbox 839 4562 925 4619; x_wconf 87' lang='lat' dir='ltr'><strong>Stoic.</strong></span> <span class='ocrx_word' id='word_1_272' title='bbox 941 4565 996 4619; x_wconf 86' lang='lat' dir='ltr'><strong>vet.</strong></span> <span class='ocrx_word' id='word_1_273' title='bbox 1015 4564 1118 4632; x_wconf 86' lang='lat' dir='ltr'><strong>fragm.</strong></span> <span class='ocrx_word' id='word_1_274' title='bbox 1132 4563 1171 4619; x_wconf 83' lang='lat' dir='ltr'><strong>Iti</strong></span> <span class='ocrx_word' id='word_1_275' title='bbox 1186 4566 1273 4633; x_wconf 73' lang='lat' dir='ltr'><strong>hsqq.</strong></span> <span class='ocrx_word' id='word_1_276' title='bbox 1288 4564 1315 4619; x_wconf 91' lang='lat' dir='ltr'><strong>d.</strong></span> <span class='ocrx_word' id='word_1_277' title='bbox 1330 4565 1439 4620; x_wconf 84' lang='lat' dir='ltr'><strong>Arnim.</strong></span> 
     </span>
    </p>
   </div>
   <div class='ocr_carea' id='block_1_10' title="bbox 1301 4670 1332 4726">
    <p class='ocr_par' dir='ltr' id='par_1_10' title="bbox 1301 4670 1332 4726">
     <span class='ocr_line' id='line_1_35' title="bbox 1301 4670 1332 4726; baseline 0 -26"><span class='ocrx_word' id='word_1_278' title='bbox 1301 4670 1332 4726; x_wconf 67' lang='grc'><strong>11</strong></span> 
     </span>
    </p>
   </div>
   <div class='ocr_carea' id='block_1_11' title="bbox 0 0 1760 5324">
    <p class='ocr_par' dir='ltr' id='par_1_11' title="bbox 0 0 1760 5324">
     <span class='ocr_line' id='line_1_36' title="bbox 0 0 1760 5324; baseline 0 2"><span class='ocrx_word' id='word_1_279' title='bbox 0 0 1760 5324; x_wconf 95' lang='lat' dir='ltr'><strong> </strong></span> 
     </span>
    </p>
   </div>
  </div>
 </body>
</html>
