3508 5302
720 227 920 289 „49-

175 440 261 504 1136
311 436 404 519 Ενρο
429 435 562 518 oepibns
587 434 699 500 occisis
722 435 879 500 subverso
903 434 1030 499 iocebot

301 525 451 608 pristino
476 524 633 589 nooicstos
657 523 816 589 soliorum
839 528 870 588 et
894 528 1026 606 sceptro
1049 523 1203 605 superbo,

174 637 216 700 cf.
241 636 316 699 dur.
342 658 373 699 v.
394 638 471 699 112:

305 739 360 804 Ad
382 760 541 822 penerrnn
565 738 696 804 Cereris
719 738 790 804 sine
815 739 911 802 coede
937 759 974 803 oc
998 738 1134 802 uulnere
1154 737 1258 820 ponci

305 829 508 893 descendunt
532 849 622 911 repes
646 834 677 892 et
699 828 786 892 sicco
809 832 912 892 morte
934 826 1081 912 tyranni.
1092 829 1120 912 ¹)

283 957 387 1028 Quam
416 956 539 1020 caduca
562 966 594 1019 et
621 955 745 1019 incerta
774 977 900 1019 summa
927 962 1070 1041 potestas
1097 955 1147 1032 sit,
1178 954 1287 1019 Seiani
1316 955 1463 1040 exemplo

175 1045 364 1110 illustratur.
424 1039 523 1109 Cuius
558 1045 688 1109 fortuna
724 1047 884 1130 quomodo
920 1051 1042 1110 mutata
1078 1046 1128 1126 sit,
1165 1043 1289 1109 Seneca
1325 1045 1464 1109 breviter

174 1135 274 1198 refert
298 1135 338 1200 de
354 1141 459 1219 tranq.
485 1156 536 1198 an.
564 1135 614 1197 11.
630 1152 677 1202 11:
701 1131 894 1197 Honoribus
910 1131 1049 1197 srornrnis
1073 1131 1211 1214 fnnctns
1227 1152 1277 1196 es:
1300 1131 1464 1212 namquid

176 1226 235 1285 oni
270 1226 339 1285 torn
377 1220 508 1303 rnopnis
545 1225 603 1284 ont
639 1226 708 1284 tono
746 1220 926 1303 insperatis
962 1225 1020 1285 ont
1056 1226 1124 1287 torn
1162 1219 1328 1285 universis
1363 1241 1464 1303 onnon

175 1309 342 1375 Seianus?
388 1310 459 1388 Qno
488 1309 540 1373 (iic
573 1309 671 1372 ill-orn
705 1315 840 1375 senotns
876 1311 1071 1392 deduceret,
1103 1310 1252 1393 popolus
1280 1309 1317 1373 in
1350 1311 1465 1392 frnsto

175 1398 297 1464 diuisit.
344 1397 387 1461 Ia
425 1419 529 1480 polein,
567 1397 724 1480 orricqnid
760 1399 890 1481 cooperi
913 1403 1054 1481 poterut,
1090 1399 1125 1463 di
1153 1397 1361 1480 hominesque
1390 1418 1464 1463 oon·

176 1489 332 1570 trideroni,
370 1508 412 1551 ooo
443 1509 478 1551 oo
509 1487 595 1552 oiiliil
623 1486 801 1570 sioperfnit,
837 1489 924 1570 quood
952 1487 1106 1570 carnifex
1137 1485 1325 1570 traheret.²)
1371 1491 1463 1554 Idem

176 1582 253 1644 <licit
288 1581 351 1664 (ep.
390 1579 484 1658 iia)
532 1580 639 1643 Seiani
679 1601 823 1643 amorem
862 1587 934 1664 post
972 1586 1108 1644 mortem
1148 1580 1217 1643 eius
1256 1601 1321 1644 non
1356 1581 1465 1643 minus

174 1670 392 1754 periculosum
442 1669 541 1732 fuisse
587 1690 683 1753 quarn
735 1676 830 1733 antea
875 1670 994 1734 odium.
1061 1669 1100 1732 cf.
1141 1669 1215 1732 dur.
1257 1691 1307 1732 νν.
1340 1669 1381 1733 68
1415 1692 1460 1754 sq.

175 1762 218 1822 84
235 1782 282 1844 sq.
330 1757 437 1822 Etiam
473 1758 545 1822 aliis
579 1758 659 1822 locis
695 1760 851 1823 Senecam
888 1759 998 1823 Seiani
1033 1759 1231 1823 crudelitatis
1267 1759 1463 1822 mentionem

174 1847 316 1927 faceret)
352 1848 479 1911 silentio
507 1850 726 1931 praeterirem,
763 1848 824 1926 nisi
853 1869 893 1912 ex
922 1869 960 1912 ea
989 1870 1024 1913 re
1055 1849 1297 1932 intellegeretur
1324 1848 1466 1932 philoso-

174 1939 313 2022 phorum
337 1936 435 2000 fuisse
459 1937 577 2001 talibus
602 1938 758 2022 exemplis
782 1959 937 2002 exornare
962 1936 1187 2019 01·atiouem.4)

278 2026 389 2110 Pergit
428 2026 596 2091 luvenalis
635 2034 830 2108 monstrare,
878 2033 1017 2110 quantae
1057 2027 1233 2092 calamitati
1279 2027 1465 2090 hominibus

176 2116 309 2180 ambitio
357 2116 469 2190 fuerit,
522 2114 709 2200 Crassique,
757 2116 918 2201 Pompeii,
968 2115 1116 2182 Caesaris
1163 2117 1312 2200 exempla
1358 2117 1460 2180 affert.

175 2205 361 2270 Eorundem
397 2205 520 2288 gloriae
548 2206 772 2290 honorumque
808 2207 967 2290 cupiditas
995 2228 1015 2270 a
1044 2207 1168 2270 Seneca
1195 2207 1397 2289 vituperatur
1432 2213 1463 2269 et

176 2296 273 2359 exitio
310 2315 422 2358 eorum
460 2296 632 2378 opponitur
667 2317 717 2380 ep.
745 2298 797 2377 94,
835 2298 891 2358 64:
930 2291 982 2356 Nc
1011 2292 1101 2358 (ineo
1137 2291 1269 2375 qnidam
1303 2291 1465 2374 Ponopeio

176 2387 316 2445 externo
341 2381 425 2446 bollo
450 2401 488 2445 oc
511 2380 688 2446 domestico
715 2382 822 2445 oirtns
850 2387 909 2446 ont
932 2380 1018 2446 rotio
1041 2381 1210 2464 suadebat,
1239 2381 1297 2445 sed
1321 2380 1462 2446 insonus

176 2492 267 2536 ornos·
283 2469 528 2553 oroopnitndinis
543 2469 668 2552 foisse·
691 2472 785 2536 otrodo
810 2470 846 2534 in
866 2469 1070 2553 Hisponioon
1093 2476 1123 2534 et
1139 2469 1335 2536 Sertoriano
1356 2490 1464 2550 ormo,

174 2561 268 2624 niodo
287 2560 329 2623 od
353 2558 553 2642 collipencios
565 2559 700 2642 pirotos
725 2580 761 2625 oc
777 2559 888 2624 noerio
907 2560 1064 2642 posonio
1080 2560 1235 2641 oodebot;
1258 2559 1318 2623 hoe
1330 2564 1460 2641 proete-

175 2649 342 2713 ooebcntnr
371 2669 490 2712 consec
516 2649 559 2712 od
583 2648 844 2714 continuandum
868 2648 1064 2731 potentiora.
1112 2648 1202 2728 Quid
1225 2648 1323 2713 illurn
1346 2647 1460 2713 in...

177 2789 203 2801 ..
220 2788 226 2801 .
243 2737 349 2803 ononis
373 2737 474 2801 Asiae
500 2739 639 2821 onpolos
663 2737 792 2802 traicit?
824 2737 968 2818 Infinita
991 2737 1117 2804 scilicet
1139 2737 1258 2820 cepido
1283 2735 1459 2818 crescendi,

175 2847 250 2890 cnon
273 2826 336 2891 sibi
364 2827 426 2890 'orni
445 2848 572 2908 porinn
595 2848 737 2910 oroopnns
765 2827 977 2910 viciniora)
1024 2827 1114 2907 Quid
1138 2827 1314 2892 Ooesoreni
1337 2826 1374 2890 in
1397 2847 1461 2891 sno

173 2916 246 2997 foto
266 2915 398 2998 positor
423 2936 460 2980 oo
484 2916 621 2997 politico
648 2916 809 2982 inimisit?
830 2955 872 2964 —-
901 2942 930 3004 q.
948 2941 979 2983 n.
999 2919 1036 2983 V.
1057 2921 1106 2983 18.
1123 2938 1155 2990 10
1179 2916 1250 2996 Qno
1274 2937 1378 2998 nsque
1402 2937 1461 2980 nos

174 3005 264 3070 onolo
288 3009 402 3070 nostru
426 3004 637 3086 rapuerunt?
663 3057 668 3069 .
696 3060 701 3071 .
730 3058 735 3069 .
765 3005 812 3071 sio
835 3005 975 3070 Portlris
1000 3005 1144 3070 oooritio
1168 3005 1328 3071 Crossnno
1352 3004 1460 3084 dabit:

175 3116 240 3158 non
270 3093 413 3158 horrebit
442 3094 536 3158 dions
563 3094 746 3160 rcoooontis
776 3095 912 3177 tribuni,
946 3117 1012 3160 non
1040 3100 1248 3178 tempestates
1278 3093 1463 3177 lonpissinri

174 3183 278 3248 enoris
303 3185 394 3267 alost)

283 3275 451 3360 Tyrannos
468 3281 576 3339 autem
599 3297 737 3360 poenam
761 3298 834 3340 raro
851 3273 1027 3360 effugerell
1053 3277 1150 3340 etiam
1167 3274 1280 3340 Cicero
1304 3282 1464 3338 memorat

176 3365 205 3426 d.
234 3366 287 3428 off.
318 3369 407 3434 *2.13.
457 3365 597 3428 Omnino
633 3366 883 3430 declamationes
910 3367 942 3430 in
973 3372 1136 3450 tyrannos,
1173 3387 1256 3450 quae
1288 3364 1460 3428 sescenties

284 3558 310 3619 1)
330 3557 424 3626 Reges
445 3559 474 3613 et
493 3559 634 3627 tyrannos
657 3558 736 3628 apud
762 3559 871 3615 inferos
891 3561 1042 3615 versantes
1062 3560 1207 3616 Lucienus
1227 3558 1357 3626 exagitat
1375 3559 1459 3612 mort.

176 3627 244 3682 dial.
261 3633 282 3682 l.
294 3635 318 3678 1:
338 3633 386 3681 καὶ
406 3632 522 3694 μάλιστα
537 3633 644 3681 ἐπειδὰν
660 3631 724 3695 ὁρᾷς
738 3629 749 3699 <
761 3633 788 3682 ἐν
808 3629 924 3698 Ἃιδου)
939 3672 944 3684 .
966 3671 971 3681 .
992 3674 999 3687 .
1019 3635 1157 3694 σατράπας
1170 3633 1218 3682 καὶ
1231 3633 1376 3693 τυράννους
1390 3629 1459 3680 οὓτω

176 3701 315 3761 ταπεινοὺς
339 3703 387 3752 καί
411 3703 582 3767 ἀσήμους..
605 3742 610 3752 .
631 3700 698 3770 gall.
713 3704 746 3757 25
771 3705 801 3753 τὸ
826 3705 855 3754 δὲ
879 3705 1002 3768 μέγιστον
1027 3703 1178 3768 ὑφορᾶσθαι
1202 3706 1242 3752 δεῖ
1263 3703 1377 3766 μάλιστα
1397 3702 1460 3761 τοὺς

176 3773 319 3834 φιλτάτους
343 3771 404 3832 κάξ
422 3775 533 3823 ἐκείνων
558 3775 600 3824 ἀεί
620 3791 643 3824 τι
668 3777 753 3825 δεινὸν
779 3776 894 3836 ἐλπίζειν
919 3774 1007 3839 ἥξειν.
1027 3775 1056 3825 ‘0
1076 3776 1122 3838 μὲν
1145 3777 1209 3839 γοῦν
1229 3774 1279 3823 ὑπὸ
1299 3776 1345 3823 τοῦ
1363 3774 1460 3833 παιδὸς

176 3843 310 3893 ἀπέθανεν
332 3845 364 3893 ἐκ
378 3847 530 3908 φαρμάκων
552 3845 599 3912 (cf.
613 3843 679 3898 Juv.
696 3849 736 3900 14.
747 3853 800 3901 255;
819 3845 873 3900 Dio
892 3845 957 3906 Chr.
971 3847 1033 3900 6.35
1046 3865 1078 3902 so·
1097 3844 1210 3914 p.102)‚
1230 3846 1244 3894 ὁ
1264 3846 1294 3896 δὲ
1312 3845 1360 3894 καί
1379 3845 1462 3903 αὐτὸς

176 3913 224 3964 ὑπὸ
243 3918 289 3964 τοῦ
304 3916 450 3978 ἐρωμένου,
464 3917 508 3965 τὸν
523 3918 553 3967 δὲ
567 3918 652 3967 ἄλλον
665 3919 729 3978 ἴσως
743 3919 836 3981 ὅμοιος
849 3919 947 3980 τρόπος
960 3918 1082 3967 θανάτου
1095 3917 1255 3978 κατέλαβεν.
1280 3915 1315 3970 ci.
1329 3913 1402 3969 Men.
1418 3917 1460 3968 14.

177 4013 208 4021 -
229 3983 264 4039 cs.
286 3983 362 4040 Pliu.
382 4001 409 4039 n.
429 3985 499 4041 hist.
514 3986 573 4042 Vll.
591 3989 648 4042 133.
668 4016 701 4025 -
721 4004 748 4042 v.
769 3987 868 4056 Mayor
889 3988 921 4042 13
941 3989 993 4042 sat.
1014 3987 1047 4041 ol
1062 3987 1128 4042 Juv.
1142 3986 1180 4042 11²
1198 4004 1225 4057 p.
1241 3989 1299 4042 109.

281 4056 308 4122 2)
330 4056 365 4111 cf.
385 4057 451 4111 Juv.
472 4073 518 4112 vv.
539 4061 572 4114 36
587 4073 629 4128 sq.
650 4061 683 4114 85
698 4074 740 4128 sq.
760 4063 794 4115 90
808 4075 849 4129 sq.
872 4062 922 4114 104
936 4073 978 4128 sq.
1087 4059 1115 4126 3)
1136 4059 1172 4113 cf.
1191 4058 1250 4115 ind.
1273 4058 1373 4113 Haase.

281 4128 310 4193 4)
331 4127 430 4182 Nihilo
455 4129 551 4184 secius
573 4129 660 4198 longe
685 4131 776 4196 abest,
799 4135 833 4186 ut
850 4129 1025 4185 Juvenalem
1049 4129 1080 4184 id
1104 4145 1220 4200 quoque
1243 4130 1279 4185 de
1299 4126 1458 4196 exemplari

176 4197 302 4266 quodam
326 4200 505 4268 prompsisse
536 4200 720 4256 contendam.
758 4203 814 4257 Sed
838 4201 973 4256 videmus
1001 4199 1032 4255 id
1056 4209 1156 4256 nostro
1184 4217 1250 4257 cum
1273 4199 1460 4270 philosophis

175 4283 328 4325 commuue
347 4285 419 4337 esse,
444 4271 522 4341 quod
543 4273 725 4341 singulorum
750 4272 977 4329 consuetudines
997 4273 1242 4344 condicionesque
1267 4269 1459 4337 observando,

174 4340 319 4408 quomodo
339 4343 431 4397 vitam
456 4342 567 4412 degant
588 4344 720 4412 legentes
744 4345 883 4400 instituit.
921 4343 969 4410 (cf.
995 4343 1025 4398 E.
1045 4344 1174 4407 Weber,
1205 4345 1245 4400 De
1273 4344 1364 4398 Dione
1391 4341 1457 4396 Chr.

174 4413 243 4479 oyn.
264 4415 332 4468 sect
354 4413 429 4483 Lips.
450 4414 526 4470 stud.
539 4415 565 4469 X
583 4433 611 4485 p.
625 4416 680 4482 93.)

281 4485 308 4552 5)
330 4483 377 4552 [cf.
398 4485 463 4541 Seu.
483 4485 520 4542 de
538 4489 573 4541 tr.
593 4502 637 4542 an.
654 4485 724 4554 ita]
841 4485 867 4553 6)
889 4486 924 4542 cf.
945 4501 988 4557 ep.
1002 4490 1027 4541 4.
1036 4503 1055 4546 τ.
1164 4487 1191 4553 7)
1212 4487 1246 4542 ct.
1269 4503 1294 4538 v.
1309 4487 1359 4539 112
1373 4501 1415 4554 sq.

1314 4599 1332 4648 4
