3512 5324
833 312 1044 373 „42-

299 521 459 607 μυστήριοι
483 545 513 585 κ.
537 545 564 586 τ.
590 522 617 586 λ.
666 521 780 608 ltaque
808 522 943 608 Phyntis
971 544 1099 607 quoque
1128 545 1182 587 eas
1205 522 1295 587 iubet
1322 521 1389 607 (ap.
1415 523 1459 587 St.
1480 526 1580 593 74.61

216 682 218 688 ,
298 634 328 696 p.
348 609 460 693 lie-M),
486 612 529 696 μὴ
563 611 718 696 χρέεσδαι
752 623 813 689 τοῖς
849 614 1033 697 ὀργιασμοῖς
1057 612 1113 676 καί
1137 611 1384 697 ματρωσμοῖς,1)
1408 614 1454 677 ὅτι
1478 612 1585 698 μέθας
1740 623 1741 630 ’

298 702 355 764 καί
390 701 565 777 ἐκστάσιας
599 701 704 786 ψυχᾶς
737 703 885 786 ἐπάγοντι
913 703 970 764 καί
1005 702 1223 786 θρησκεύσιες
1252 699 1386 780 αὑταιί).
1433 701 1474 765 σί.
1504 701 1582 765 Jur.

299 790 362 854 315
387 811 433 873 sq.
491 787 598 853 Etiam
633 791 718 854 viros
757 791 797 854 ad
833 812 925 855 sacra
963 791 1157 854 feminarum
1197 790 1363 854 salacitate
1399 789 1583 855 ardentium

299 880 416 944 arcessi
442 879 578 963 legimus
601 901 653 942 vv.
670 879 733 942 327
753 902 799 964 sq.

458 1000 552 1064 Tunc
571 1000 713 1084 pruriqo
736 1022 847 1066 rnorae
872 1001 1059 1083 impatiens,
1084 1006 1157 1065 tum
1177 1001 1306 1083 femina
1328 1001 1473 1084 simpteoo

460 1110 498 1154 ac
517 1089 648 1172 pariter
672 1095 735 1155 toto
759 1089 920 1172 repetitus
944 1091 1067 1155 clamor
1092 1091 1130 1155 ab
1156 1096 1250 1156 antro

460 1179 539 1261 ‚iam
561 1179 615 1262 fas
639 1185 695 1262 est,
722 1179 856 1244 admitte
880 1178 976 1244 airos'
1003 1190 1062 1246 etc.

408 1304 459 1368 De
482 1305 600 1370 talibus
624 1308 722 1392 orgiis
738 1306 931 1371 Plutarchus
949 1307 1090 1391 cogitare
1113 1308 1241 1371 videtur·
1263 1328 1369 1392 praec.
1395 1308 1521 1392 coniug.
1542 1308 1584 1370 19

300 1395 478 1480 περιέργοις
513 1396 548 1458 δὲ
589 1395 782 1480 θρησκείαις
810 1398 867 1458 καί
903 1395 1005 1473 ξέναις
1040 1397 1299 1481 δεισιδαιμονίαις
1323 1396 1585 1460 ἀποκεκλεῖσθαι

298 1486 357 1569 τὴν
383 1484 508 1548 αὔλειον
523 1501 529 1513 ·
543 1486 648 1549 οὐδενί
663 1487 726 1569 γάρ
751 1485 819 1567 θεῷ
837 1487 907 1569 ἱερὰ
931 1485 1134 1570 κλεπτόμενα
1156 1487 1213 1549 καί
1236 1486 1442 1550 λανθάνοντα
1467 1486 1585 1569 δρᾶται

299 1574 542 1658 κεχαρισμένως
565 1575 627 1636 ὑπὸ
650 1573 809 1658 γυναικός.
857 1574 913 1656 (cf.
930 1575 1006 1638 Juv.
1032 1575 1093 1636 511
1120 1573 1184 1660 sq.)
1230 1575 1334 1659 Magis
1358 1575 1399 1638 ad
1413 1574 1585 1638 Juvenalis

299 1685 412 1728 versus
436 1664 586 1727 convenit
611 1663 687 1726 Min.
712 1662 779 1727 Fel.
806 1666 857 1726 25.
877 1684 916 1733 ιι.
964 1660 1029 1726 Ubi
1054 1666 1164 1726 autem
1187 1660 1293 1744 maqis
1317 1682 1338 1725 a
1360 1661 1585 1726 sacerdotibus

301 1771 401 1833 quam
416 1748 506 1814 inter
523 1771 601 1814 aras
618 1755 649 1814 et
664 1750 803 1815 delubra
815 1750 1046 1814 conducuntur
1058 1755 1188 1832 stupra,
1205 1755 1394 1815 tractantur
1411 1749 1585 1831 lenocinia,

300 1838 467 1904 adulteria
489 1839 717 1905 meditantur?
761 1839 986 1920 Frequentius
1010 1839 1148 1920 denique
1172 1839 1209 1904 in
1230 1839 1439 1904 aedituorum
1455 1839 1584 1904 cellatis

300 1949 400 2010 quarn
416 1928 453 1992 in
468 1927 552 2009 ipsis
569 1927 790 2010 lupanaribus
805 1928 954 2011 ftaqrans
972 1927 1071 1993 libido
1087 1928 1283 2012 defunqitur
1320 1929 1371 1994 cf.
1388 1932 1461 1995 Juv.
1481 1933 1585 2002 6.345.

591 2071 681 2117 nunc
704 2053 747 2117 ad
770 2073 852 2134 quos
875 2074 942 2117 non
966 2052 1102 2118 Clodius
1126 2052 1225 2118 aras?

476 2146 539 2210 488
589 2192 728 2208 .....
754 2147 966 2224 exspectatur
990 2141 1027 2206 in
1050 2141 1154 2207 hortis

592 2237 650 2296 aut
674 2231 766 2313 apud
789 2230 918 2295 Isiacae
938 2230 1053 2313 potius
1076 2230 1228 2296 sacraria
1253 2232 1355 2298 lenae.

300 2360 340 2424 cl
367 2361 619 2513 l’Fsseoriiindsiii
644 2448 841 2533 publicum
865 2448 1099 2532 prodeuntes
1124 2456 1156 2511 ct
1179 2470 1252 2513 curn
1272 2449 1349 2512 viris
1366 2451 1587 2534 colloquentes

301 2545 409 2605 noster
433 2560 506 2602 curn
529 2545 701 2624 paternum
726 2559 848 2602 morem
871 2538 1030 2622 respiciat,
1056 2539 1172 2601 acriter
1195 2539 1318 2622 respuit
1339 2560 1391 2602 vv.
1416 2540 1480 2604 398
1501 2539 1585 2624 καί)

511 2660 576 2726 Sed
600 2666 708 2725 cantet
727 2660 841 2743 potius
865 2681 965 2741 quam
989 2663 1090 2724 totam
1109 2659 1256 2741 percotet
1278 2660 1394 2725 urbem

516 2753 631 2814 cerdon
655 2755 686 2814 et
711 2754 820 2814 coetus
838 2748 944 2833 possit
967 2769 1050 2829 quae
1073 2749 1162 2832 ferre
1186 2748 1334 2814 uirorum

499 2848 651 2921 'cumque
671 2837 847 2921 paludatis
871 2837 1011 2902 ducibus
1030 2843 1206 2920 praesente
1229 2838 1349 2903 marito

511 2928 586 3010 ipsa
610 2927 699 3009 toqui
722 2932 812 2992 recta
834 2926 919 3008 facie
943 2925 1101 3007 siccisque
1124 2926 1283 2992 mamillis
1307 2937 1366 2994 etc.

301 3055 383 3121 Cum
407 3055 543 3120 Philone
568 3077 605 3119 eo
623 3062 789 3137 consonat,
806 3057 892 3140 quod
909 3056 936 3118 is
960 3077 1087 3140 quoque
1112 3077 1166 3118 eas
1190 3056 1285 3120 dcrno
1310 3056 1474 3119 discedere
1498 3062 1587 3120 vetat

301 3147 341 3210 dc
356 3167 440 3232 spec.
456 3146 516 3229 leg.
535 3144 594 3208 Ill.
610 3145 650 3207 31
667 3144 721 3224 (ΙΙ.
737 3145 825 3224 327).
862 3144 996 3229 Ἀγοραὶ
1012 3145 1069 3207 καί
1089 3143 1300 3229 βουλευτήρια
1316 3147 1372 3208 καί
1389 3143 1586 3230 δικαστήρια

301 3237 358 3299 καὶ
382 3235 490 3299 θίασοι
525 3236 581 3297 καί
617 3234 765 3317 σύλλογοι
797 3234 1065 3317 πολυανθρώπων
1098 3233 1215 3317 ὁμίλεον
1243 3236 1299 3297 καὶ
1327 3235 1343 3298 ὁ
1371 3235 1404 3298 ἐν
1432 3234 1585 3318 ὑπαίθρῳ

301 3325 365 3409 βίος
386 3324 558 3408 διαλόγων
575 3325 631 3386 καί
647 3322 805 3406 πράξεων,
827 3327 912 3387 κατὰ
925 3323 1083 3408 πολέμους
1099 3324 1155 3385 καί
1171 3325 1257 3386 κατά
1270 3322 1411 3407 εἰρήνην,
1429 3323 1586 3407 ἀνδράσιν

302 3413 539 3498 ἐφαρμόζουσι’
559 3412 707 3495 θηλείαις
731 3413 765 3475 δὲ
783 3413 927 3497 οίκουρία
943 3414 1000 3475 καί
1024 3413 1114 3476 ἔνδον
1140 3412 1219 3497 μονὴ
1244 3435 1274 3475 κ.
1299 3433 1325 3475 τ,
1349 3413 1377 3476 λ.
1404 3413 1584 3497 ...μηδὲν

300 3507 355 3567 οὖν
374 3501 433 3579 ἔξω
448 3512 511 3566 τῶν
523 3499 595 3564 κατ’
610 3501 792 3586 οἰκονομίαν
808 3502 1115 3587 πολυπραγμονείτω
1133 3499 1224 3586 γυνή,
1239 3501 1381 3585 ζητοῦσα
1400 3501 1584 3586 μοναυλίαν,

302 3590 460 3745 ”litt
482 3594 580 3744 wll}
605 3593 691 3743 ’llil
704 3593 772 3744 fd
796 3592 944 3745 idid
966 3590 1585 3759 dd?tltttiitlt{titt

301 3703 358 3853 iiic
382 3772 416 3834 ἐν
432 3703 678 3856 τάῐςΡάμράδοις
701 3704 945 3855 διατριβῆςγὼρς
964 3721 1178 3844 πᾶσινδαύτάς
1205 3701 1355 3853 γίνάάθαι
1378 3703 1585 3864 κάταφανεῖς.

303 3862 428 3925 Seneca
451 3861 563 3956 matris
586 3881 730 3924 sororem
768 3861 904 3955 miratur
927 3859 970 3955 ad
991 3858 1093 3954 Heln..
1125 3859 1174 3954 18.
1189 3877 1214 3942 6,
1233 3856 1319 3937 quod
1346 3876 1415 3954 per¹
1444 3855 1585 3954 sedecim

302 3946 560 4118 μμφμδρρὲθμίμιρειμ
577 3945 765 4030 Aeqqptum
780 3950 923 4010 pruritus
940 3965 1011 4009 eius
1029 3945 1179 4026 obtinuit,
1204 3965 1387 4026 numquam
1402 3965 1439 4009 in
1451 3945 1586 4027 publico

413 4269 437 4334 ιι
457 4269 492 4325 cf.
513 4287 539 4324 v.
560 4271 621 4336 314,
641 4273 701 4323 ιιι).
810 4270 837 4335 a)
857 4285 884 4337 μ.
898 4271 985 4323 aaa.

409 4343 437 4408 3)
458 4342 743 4407 ὀλιγομσθίη-κόσμος
763 4339 1036 4406 γυναικί-(06111064.
1056 4354 1100 4408 ap.
1121 4338 1160 4394 st.
1181 4339 1271 4405 uu)
1291 4339 1474 4394 desideratur·
1493 4338 1523 4394 in
1543 4339 1586 4394 eis

302 4412 420 4468 feminis
446 4415 587 4468 402—412
617 4414 685 4477 (340
694 4414 758 4481 sq).
800 4411 926 4478 Quarum
956 4411 1156 4466 curiositatem
1185 4411 1244 4464 iarn
1273 4409 1438 4466 Simonides
1467 4412 1585 4476 Amara.

302 4484 402 4540 illudit
426 4501 453 4537 v.
474 4489 506 4539 13
525 4499 567 4552 sq.
592 4500 615 4538 c.
635 4483 701 4539 ίαν.
721 4487 782 4546 402,
802 4487 863 4548 408,
882 4485 942 4538 41⁴2.
973 4483 1020 4547 (cf.
1041 4482 1186 4550 'l'heophn
1212 4481 1291 4537 stoc.
1316 4482 1367 4536 ecl.
1393 4482 1425 4538 ll.
1446 4481 1585 4540 3l.31W.

302 4572 328 4625 p.
343 4558 408 4624 2073
426 4555 494 4611 Juv.
513 4558 566 4611 434
581 4558 656 4625 sqq.)
765 4557 793 4620 4)
814 4554 860 4622 [ci.
882 4571 908 4606 r.
928 4557 994 4619 489;
1015 4557 1038 4608 9.
1050 4552 1107 4626 aa]
