3508 5302
853 329 1051 392 ..60-

309 540 467 620 adversm,
482 541 565 604 hanc
581 561 694 604 vocem
711 540 888 604 secundum
904 562 1086 605 sermonem
1101 540 1269 624 vulgarem
1290 562 1463 626 usurpasse
1479 540 1506 605 F
1508 542 1593 605 ried·

309 628 736 706 laenderanimadvcrtit.1)
783 629 823 693 cf.
850 632 879 692 7.
894 648 957 700 197:

424 750 462 816 Si
485 750 624 833 fortuna
645 752 738 833 nolet,
763 750 822 831 fiee
845 752 884 815 de
907 750 1035 817 rhetore
1061 753 1189 818 conant:

423 839 453 904 st
476 841 559 906 votet
582 841 660 904 hoec
683 841 806 918 codena,
830 839 887 920 rtet
909 841 948 904 de
973 842 1104 906 conante
1128 841 1245 906 rhetor.

364 970 367 976 ·
423 929 594 994 Ventidius
618 927 699 1010 qnid
722 928 832 993 enim?
856 929 1115 1011 quierntne?
1139 951 1224 995 nnnc
1250 929 1344 994 ntc'nd
1368 950 1468 1011 qnnon
1509 972 1511 976 -

424 1018 519 1083 sidne
543 1023 573 1084 et
598 1017 698 1083 ocnttt
719 1017 878 1083 mirando
897 1019 1047 1101 potentin
1070 1018 1158 1101 foti?

310 1145 354 1208 cf.
380 1145 536 1216 3.34-40.
585 1142 712 1208 Locnon
744 1146 783 1207 de
815 1142 974 1207 ooro'etnte
1001 1142 1191 1225 fortunam)
1224 1168 1288 1210 non
1318 1147 1422 1210 solum
1449 1146 1595 1209 rhetores

310 1234 370 1298 sed
391 1236 488 1297 etiarn
509 1234 702 1319 philosophi,
724 1235 843 1320 quippe
865 1236 919 1319 qui
935 1237 1053 1299 virtute
1069 1236 1231 1300 fortunam
1252 1237 1382 1299 vincere
1397 1233 1594 1314 volebant3),

315 1345 418 1408 usque
443 1324 483 1387 ad
504 1324 645 1388 taedium
667 1322 896 1408 repetebant)
936 1325 976 1388 cf.
994 1324 1063 1388 Tel.
1086 1325 1135 1388 ed.
1152 1319 1194 1388 H.
1216 1347 1247 1409 p.
1265 1327 1323 1404 40;
1344 1324 1422 1388 Luc.
1443 1324 1533 1408 Nigr.
1551 1324 1597 1387 20

311 1415 416 1477 ἔνεστι
444 1413 480 1476 δὲ
510 1463 515 1475 .
547 1464 553 1475 .
586 1464 591 1476 .
623 1463 629 1475 .
666 1415 722 1476 καί
756 1422 818 1477 τῶν
847 1422 904 1496 τῆς
930 1414 1030 1498 τύχης
1059 1415 1195 1499 ἀγαθῶν
1223 1423 1436 1498 καταφρονεῖν
1469 1414 1595 1498 ὁρῶντα

309 1504 422 1586 ὥσπερ
452 1502 485 1566 ἐν
515 1513 621 1586 σκηνη
649 1553 655 1564 .
681 1553 687 1564 .
714 1553 720 1564 .
748 1551 753 1563 .
778 1507 832 1565 τὸν
862 1505 918 1587 μέν
947 1502 981 1579 ἐξ
1004 1503 1127 1567 οἰκέτου
1157 1503 1317 1586 δεσπότην
1348 1502 1509 1587 προϊόντα,
1539 1507 1594 1565 τὸν

311 1591 415 1654 δ’ἀντὶ
443 1591 596 1656 πλουσίου
625 1591 758 1673 πένητα,
782 1595 836 1656 τὸν
857 1593 892 1655 δέ
917 1593 1088 1676 σατράπην
1110 1593 1148 1655 ἐκ
1168 1592 1304 1675 πένητος
1323 1593 1344 1675 ἢ
1366 1591 1502 1677 βασιλέα
1523 1591 1593 1654 κτλ.

315 1680 482 1761 Dubitari,
499 1702 577 1744 num
594 1681 752 1745 sideribus
768 1681 867 1744 vitam
884 1682 1060 1745 humanam
1077 1675 1231 1746 destinari
1243 1681 1366 1746 ratione
1380 1681 1561 1746 Stoicorum
1569 1678 1595 1758 5)

318 1769 535 1850 crediderim),
567 1791 639 1834 cum
663 1770 724 1833 hoo
747 1771 882 1834 verbum
908 1777 985 1834 tune
1009 1772 1126 1835 aetatis
1149 1771 1182 1834 in
1207 1771 1350 1836 omnium
1379 1793 1433 1835 ore
1457 1777 1541 1835 esset
1565 1777 1597 1833 ct

307 1858 480 1923 Juvenalis
503 1860 573 1943 ipse
597 1881 724 1943 quoque
748 1861 925 1943 astrologos
949 1861 1059 1924 irrisos
1082 1858 1260 1939 haberet.⁷)
1283 1896 1326 1905 —

419 1949 580 2020 Quoniam
593 1950 762 2012 statuimus
778 1956 825 2013 tot
840 1951 1015 2013 sententias
1032 1951 1176 2014 decimae
1194 1957 1321 2015 saturae
1343 1971 1416 2013 cum
1439 1948 1595 2012 hortatio-

312 2038 406 2102 nibus
417 2045 449 2101 et
457 2038 582 2123 placitis
597 2038 860 2123 philosophorum
878 2059 1064 2122 congruere,
1076 2046 1202 2124 tempus
1218 2044 1267 2103 est
1283 2059 1448 2123 quaerere,
1465 2042 1595 2101 rectene

311 2127 353 2190 de
377 2148 416 2190 ea
440 2149 459 2191 a
481 2127 617 2191 Lehrsio
641 2129 682 2192 sit
704 2128 891 2192 iudicatum.
938 2130 986 2192 Ac
1014 2130 1155 2213 primum
1183 2135 1325 2193 saturam
1354 2128 1461 2193 colore
1489 2126 1594 2212 philo-

309 2217 444 2300 sophico
472 2216 615 2296 carercss)
644 2217 828 2300 negandum
857 2224 913 2280 cst.
969 2217 1095 2282 Deinde
1127 2219 1275 2302 exempla
1303 2217 1530 2282 Demosthenis
1563 2223 1595 2280 et

311 2303 480 2370 Ciceronis
496 2327 560 2370 non
576 2315 641 2370 tarn
658 2307 797 2391 insipida
813 2313 888 2371 sunt
903 2328 1000 2390 quam
1016 2307 1151 2386 Lehrsiq
1168 2308 1326 2371 videntur.
1358 2306 1594 2370 Demosthenes

310 2395 400 2459 enirn
428 2406 460 2459 et
483 2393 607 2478 Dicere,
635 2396 697 2460 nisi
725 2418 851 2460 summa
879 2396 1066 2480 eloquentia
1094 2406 1221 2482 practer
1249 2404 1372 2461 ceteros
1400 2396 1594 2476 floruissent,

314 2506 378 2548 non
391 2485 528 2548 multum
541 2487 580 2550 ad
593 2487 836 2570 rempublicam
851 2485 1138 2551 administrandam
1150 2487 1335 2550 valuissent.
1360 2486 1595 2550 Auctoritatem

310 2580 431 2656 antem,
464 2595 561 2658 quam
592 2576 637 2639 sic
667 2576 806 2640 assecuti
835 2581 935 2655 erant,
966 2577 1005 2640 iis
1034 2576 1187 2662 perniciei
1218 2576 1318 2639 fuisse
1347 2598 1406 2660 per
1434 2597 1467 2639 se
1495 2581 1593 2659 patet.

312 2663 426 2747 ltaque
449 2662 599 2728 Juvenali
627 2665 741 2729 merito
769 2665 875 2729 dicere
902 2665 1020 2730 licebat
1047 2667 1263 2750 eloquentiam
1293 2665 1505 2750 expetendam
1529 2686 1595 2728 non

315 2775 394 2816 esse.
420 2752 566 2817 Indolem
580 2761 746 2839 artemque
759 2757 931 2818 oratoriam
947 2753 1111 2819 Ciceronis
1125 2778 1162 2820 ac
1174 2755 1403 2819 Demosthenis
1416 2755 1595 2818 detrectare

313 2843 424 2916 noluit,
453 2843 555 2906 voluit
583 2864 692 2907 eorum
722 2845 868 2928 exemplo
897 2851 1076 2909 monstrare
1104 2846 1321 2930 eloquentiam
1345 2865 1473 2928 quoque
1498 2863 1594 2927 saepe

311 2932 456 3016 periculo
467 2953 546 2995 esse.
558 2931 619 2995 Illa
632 2933 760 3018 quidem
774 2935 971 3017 comparatio
982 2935 1134 2998 orationis
1147 2934 1347 3019 Philippicae
1360 2955 1397 2997 ac
1408 2939 1595 3018 poematum

313 3021 555 3103 ridendorum9)
583 3022 804 3107 vituperabilis
832 3029 889 3102 cst,
919 3023 974 3086 sed
1003 3024 1073 3107 plus
1102 3024 1199 3088 habet
1227 3023 1368 3088 offensae
1396 3025 1430 3085 in
1458 3023 1594 3086 rhetoris

310 3111 546 3174 declamatione
563 3133 660 3195 quam
676 3113 709 3175 in
726 3113 863 3176 diatriba
875 3119 989 3196 poetae
1005 3134 1094 3176 more
1111 3113 1314 3198 popularium
1331 3113 1594 3197 philosophorum

312 3201 517 3285 disputantis,
548 3202 666 3285 quippe
695 3203 749 3285 qui
775 3203 872 3265 nimio
897 3202 1002 3266 studio
1026 3204 1156 3287 impulsi
1179 3203 1211 3265 in
1236 3203 1317 3266 tales
1340 3203 1478 3287 ineptias
1501 3201 1594 3265 facile

314 3291 502 3355 inciderent.

421 3379 528 3442 Etiam
540 3378 734 3444 Hannibalis
747 3381 1008 3445 commemoratio
1022 3380 1155 3445 Lehrsio
1169 3381 1325 3464 displicet.
1343 3379 1594 3444 (loncedendum

239 3467 242 3474 '
311 3474 363 3532 est
385 3490 492 3533 rerum
516 3469 687 3552 scriptores
711 3470 803 3533 aliter
826 3491 876 3533 res
905 3471 944 3533 ab
969 3491 1006 3533 eo
1028 3477 1135 3554 gestas
1159 3472 1284 3547 efferre,
1313 3471 1369 3534 sed
1394 3477 1510 3547 noster,
1539 3471 1594 3553 qui

314 3556 415 3622 animi
438 3559 701 3643 tranquillitatem
725 3559 853 3643 plurimi
877 3557 1025 3643 putat,¹⁰)
1051 3560 1126 3624 belli
1154 3560 1290 3644 gloriam
1314 3580 1465 3643 spernere
1489 3559 1593 3622 debet.

313 3647 417 3730 Igitur
439 3647 633 3712 Hannibalis
661 3649 790 3713 fortuna
817 3650 846 3712 ei
872 3649 1070 3713 admirabilis
1094 3649 1196 3713 videri
1220 3650 1345 3732 nequit3
1376 3670 1479 3733 neque
1508 3649 1593 3711 enirn

314 3738 383 3800 eius
406 3737 505 3801 vitam
529 3740 657 3803 beatam
681 3733 798 3804 ducere
820 3745 953 3823 poterat,
980 3740 1100 3822 quiid,
1125 3739 1165 3802 ad
1190 3739 1275 3822 quod
1299 3739 1448 3802 omnibus
1472 3738 1594 3801 viribus

313 3826 507 3908 enitebatur,
531 3834 721 3892 consecutus
744 3849 807 3891 non
833 3833 910 3891 erat.

423 3916 604 3981 Alexander
628 3924 745 3992 autem,
775 3917 865 3981 cuius
889 3916 1107 4000 expeditiones
1131 3916 1328 3980 multitudini
1352 3917 1449 3980 etiam
1473 3915 1595 3979 maiore

315 4005 528 4069 admiratione
552 4007 668 4090 dignae
684 4007 887 4086 videbantur,
912 4006 1098 4089 saepissime
1123 4028 1142 4069 a
1163 4006 1363 4090 philosophis
1387 4010 1595 4084 memoratur,

425 4146 449 4208 1)
468 4159 534 4214 pag.
547 4150 577 4200 41
602 4147 636 4201 ct'.
656 4146 720 4208 Seu.
738 4146 803 4202 ben.
821 4145 867 4201 IV.
881 4149 905 4201 8.
920 4154 941 4199 a.
974 4145 1145 4216 Ceteroquin
1160 4146 1331 4215 popularem
1346 4149 1375 4200 et
1388 4144 1594 4214 philosopham

315 4215 370 4270 fati
399 4217 461 4272 sivo
489 4217 624 4273 fortunae
649 4218 814 4290 opinionem
839 4217 973 4287 plerique
997 4217 1215 4273 confundebant
1262 4217 1290 4271 L.
1315 4216 1456 4281 Schmidt,
1481 4215 1545 4271 Eth.
1566 4215 1594 4270 d.

313 4302 340 4342 a.
361 4287 406 4343 Gr.
427 4289 446 4342 l.
461 4291 503 4344 58.
576 4290 604 4354 2)
625 4288 688 4346 Sen.
710 4292 838 4346 controv.
859 4289 955 4346 18.1o.
982 4289 1017 4344 cl.
1039 4288 1164 4356 Norden,
1184 4290 1242 4343 ant.
1263 4288 1444 4357 Kunstprosa
1462 4287 1474 4342 Ι
1491 4303 1519 4356 p.
1533 4289 1594 4342 276.

422 4361 449 4426 3)
469 4360 505 4416 cf.
526 4359 589 4416 Seu.
610 4375 653 4430 ep.
673 4363 765 4428 71.eo;
786 4364 829 4414 74.
844 4367 865 4416 7.

422 4507 438 4558 6
469 4503 504 4558 cf.
525 4506 680 4568 ures-aon
702 4508 742 4558 ln.
758 4511 783 4572 43
804 4503 841 4569 [9.
852 4501 889 4570 ae]
910 4501 997 4568 (Frdl.
1016 4517 1043 4571 p.
1063 4503 1118 4567 41).
1227 4502 1255 4565 7)
1276 4501 1312 4555 cf.
1332 4515 1394 4570 cap.
1413 4501 1485 4556 XllI.

421 4574 574 4631 ornem.
594 4591 621 4644 p.
636 4576 726 4629 teht.
833 4575 860 4640 9)
881 4590 907 4625 v.
924 4575 1017 4630 mrsu.
1129 4572 1171 4637 10)
1191 4587 1218 4626 v.
1231 4574 1292 4627 364.
