3508 5302
242 1425 334 1480 Natus
362 1439 428 1478 sum
453 1422 647 1477 lleinoldus
675 1421 848 1476 Sclruetne
873 1421 1069 1476 Berolinensis
1093 1438 1117 1478 a.
1142 1422 1170 1477 d.
1194 1422 1243 1478 lll.
1263 1423 1327 1478 Kal.
1348 1423 1428 1479 Mart

152 1533 178 1572 a.
209 1512 465 1580 llDCCCLXXXH3
493 1512 581 1567 tidem
610 1513 748 1581 profiteor
775 1511 983 1578 evangelicam.
1023 1509 1175 1567 Decimum
1202 1528 1311 1568 annum
1340 1528 1430 1582 agens

153 1604 338 1674 frequentavi
357 1601 543 1672 gyrnnasinm
560 1600 753 1660 Berolinense.
772 1599 849 1669 qnod
866 1600 984 1656 nomine
998 1601 1056 1656 vici
1069 1601 1144 1670 regii
1159 1606 1286 1658 vocatur.
1318 1602 1429 1658 Novem

154 1699 219 1763 post
243 1708 333 1748 annos
361 1692 537 1746 maturitatis
566 1689 734 1744 testimonio
762 1690 923 1744 instructus
948 1691 1024 1745 inter
1048 1691 1127 1745 cives
1156 1691 1338 1747 academicos
1367 1692 1429 1747 uni-

154 1782 303 1838 versitatis
322 1796 338 1837 a
360 1780 505 1835 Friderico
525 1779 668 1834 Guilelmo
689 1778 824 1833 conditae
840 1781 974 1848 receptus
989 1795 1061 1846 sum,
1082 1781 1132 1835 ubi
1146 1785 1206 1836 tres
1219 1796 1311 1837 annos
1324 1780 1430 1836 studiis

154 1871 341 1943 philologieis
374 1873 402 1925 et
434 1870 583 1924 historicis
616 1883 732 1937 operam
765 1868 842 1923 dedi.
901 1869 1021 1924 Scliolas
1050 1869 1271 1939 frequentabam
1301 1871 1430 1925 virorum

152 1961 389 2017 doctissimorum
410 1959 531 2026 Vahlen,
556 1959 591 2012 de
613 1957 1026 2022 WilamowitaMoellendorff‚
1045 1959 1134 2016 Diels⁴
1157 1959 1271 2027 lleinze,
1294 1960 1431 2028 Thomas,

154 2051 317 2118 Rothstein,
347 2048 438 2116 Helm,
466 2049 531 2103 Jolr.
557 2047 696 2108 Schmidt,
726 2046 857 2114 schulze,
887 2047 1020 2116 Geldner,
1044 2049 1206 2122 Weinlrold
1237 2049 1265 2104 E.
1289 2049 1430 2116 Schmidt,

154 2134 483 2208 Roediger·,Delb1·iick,
508 2136 638 2191 Sclreti'er
655 2136 813 2204 lloicliorst,
838 2136 937 2204 illene,
961 2136 1090 2205 Biltlrey,
1116 2138 1240 2204 llessoir,
1260 2137 1430 2204 Vierlrandt,

154 2228 267 2284 Keknle
286 2229 323 2283 de
343 2228 516 2294 Stradonitz,
537 2226 630 2282 Gnaei.
654 2227 783 2294 Pemice,
808 2226 937 2295 Breysig.
974 2225 1029 2280 Per
1052 2227 1110 2281 duo
1134 2229 1286 2283 semestris
1310 2229 1429 2283 interfui

154 2318 251 2384 tertio,
277 2318 334 2372 tria
358 2317 486 2372 secundo
513 2319 606 2371 coetui
632 2315 835 2384 proseminarii
860 2313 1039 2383 philologici,
1065 2317 1110 2370 cui
1132 2321 1285 2384 praeerant
1313 2318 1350 2371 de
1374 2317 1431 2371 Wi-

154 2405 535 2463 lamowita-lloelleudorti'
565 2411 593 2458 et
628 2405 714 2459 Diels.
771 2405 816 2459 Ad
854 2405 1009 2460 historicas
1047 2406 1173 2460 tironum
1208 2406 1431 2461 exercitationes

153 2495 260 2551 Struck
279 2498 308 2550 et
327 2494 425 2549 Roloff
440 2510 486 2549 me
506 2493 693 2550 admiserunt.

246 2585 319 2640 Vere
343 2586 412 2640 anui
432 2583 548 2640 Mdllnl
574 2584 732 2653 Gryphiam
762 2586 977 2654 transmigravi,
1005 2585 1056 2640 ubi
1084 2601 1131 2640 me
1159 2601 1210 2655 per
1238 2585 1312 2641 duos
1341 2600 1431 2640 annos

153 2675 345 2730 inst'tuerunt
376 2675 432 2728 viri
461 2674 621 2729 doctissimi
650 2673 768 2740 dercho,
797 2674 888 2743 Kroll,
917 2673 1141 2742 Radermacher,
1169 2674 1269 2742 Seeck,
1298 2674 1432 2742 Gredner,

155 2765 300 2833 Sclruppe,
326 2763 463 2818 Relimke.
506 2763 660 2818 Seminarii
688 2763 860 2832 philologici
888 2763 997 2818 sodalis
1025 2763 1069 2818 fui
1091 2779 1144 2832 per
1166 2766 1211 2818 ter
1234 2779 1283 2818 sex
1309 2779 1431 2819 menses.

155 2854 248 2909 Seeck
267 2857 296 2907 et
316 2853 445 2908 llehmke
470 2853 595 2922 benigne
614 2854 688 2908 milri
708 2856 922 2921 concesserunt,
950 2855 982 2908 ut
1006 2852 1264 2908 exercitationibus
1284 2853 1432 2908 historicis

155 2947 185 2998 et
209 2943 392 3012 philosophis
416 2945 595 2998 interessem.
639 2943 799 2998 Tentamen
823 2943 984 3010 rigorosum
1011 2941 1134 2997 Gerckio
1158 2941 1269 2996 decano
1293 2956 1318 2995 a.
1338 2941 1365 2997 d.
1386 2941 1432 2996 ll'.

156 3032 199 3094 ld.¹
219 3032 308 3087 Maias
328 3033 355 3087 h.
376 3048 399 3088 a.
421 3033 505 3088 subii.
1272 3050 1289 3084 ι

229 3121 468 3192 Praeceptoribus
498 3138 564 3177 cum
590 3122 826 3178 Berolinensilrus
854 3123 916 3176 tum
937 3120 1168 3191 Gryplriensibus
1193 3121 1302 3191 optime
1326 3120 1363 3174 de
1387 3135 1432 3174 me

156 3212 270 3267 meritis
291 3211 432 3266 maximas
456 3213 566 3279 gratias
589 3227 644 3280 ago
668 3227 702 3267 ac
722 3211 891 3267 memoriam
911 3226 1010 3266 eornm
1040 3226 1152 3279 semper
1181 3210 1283 3264 colam.
1321 3208 1432 3263 Krollio

156 3303 308 3371 praeterea
327 3302 437 3368 gratias
456 3315 520 3368 ago,
541 3301 618 3368 (ruod
637 3301 667 3355 in
687 3302 742 3355 hac
756 3301 963 3354 dissertatione
977 3298 1177 3369 componenda
1191 3301 1220 3353 et
1233 3299 1312 3367 typis
1326 3299 1433 3352 exscri-

156 3390 253 3446 benda
273 3389 393 3444 consilio
413 3392 442 3444 et
461 3404 548 3458 opera
568 3403 614 3443 me
631 3390 715 3446 iuvit.
