<?xml version="1.0" encoding="UTF-8"?>
<!DOCTYPE html PUBLIC "-//W3C//DTD XHTML 1.0 Transitional//EN"
    "http://www.w3.org/TR/xhtml1/DTD/xhtml1-transitional.dtd">
<html xmlns="http://www.w3.org/1999/xhtml" xml:lang="en" lang="en">
 <head>
  <title>
</title>
<meta http-equiv="Content-Type" content="text/html;charset=utf-8" />
  <meta name='ocr-system' content='tesseract 3.04.00' />
  <meta name='ocr-capabilities' content='ocr_page ocr_carea ocr_par ocr_line ocrx_word'/>
</head>
<body>
  <div class='ocr_page' id='page_1' title='image "./juvenalisethicu00schgoog_0014.png"; bbox 0 0 3512 5324; ppageno 0'>
   <div class='ocr_carea' id='block_1_1' title="bbox 821 261 1021 324">
    <p class='ocr_par' dir='ltr' id='par_1_1' title="bbox 821 261 1021 324">
     <span class='ocr_line' id='line_1_1' title="bbox 821 261 1021 324; baseline 0.005 -19"><span class='ocrx_word' id='word_1_1' title='bbox 821 261 1021 324; x_wconf 63' lang='lat'>..2-</span> 
     </span>
    </p>
   </div>
   <div class='ocr_carea' id='block_1_2' title="bbox 198 411 1569 3151">
    <p class='ocr_par' dir='ltr' id='par_1_2' title="bbox 198 411 1566 918">
     <span class='ocr_line' id='line_1_2' title="bbox 1085 411 1105 462; baseline 0 0"><span class='ocrx_word' id='word_1_2' title='bbox 1085 411 1105 462; x_wconf 80' lang='lat' dir='ltr'>li</span> 
     </span>
     <span class='ocr_line' id='line_1_3' title="bbox 217 475 1565 560; baseline 0 -18"><span class='ocrx_word' id='word_1_3' title='bbox 217 491 224 510; x_wconf 74' lang='lat'>⁸</span> <span class='ocrx_word' id='word_1_4' title='bbox 275 476 356 542; x_wconf 85' lang='lat' dir='ltr'>adeo</span> <span class='ocrx_word' id='word_1_5' title='bbox 389 475 519 560; x_wconf 84' lang='lat' dir='ltr'>vigebat</span> <span class='ocrx_word' id='word_1_6' title='bbox 551 475 630 540; x_wconf 88' lang='lat' dir='ltr'>haec</span> <span class='ocrx_word' id='word_1_7' title='bbox 662 475 875 560; x_wconf 81' lang='lat' dir='ltr'><strong>philosophia,</strong></span> <span class='ocrx_word' id='word_1_8' title='bbox 909 482 944 538; x_wconf 92' lang='lat' dir='ltr'>ut</span> <span class='ocrx_word' id='word_1_9' title='bbox 976 476 1009 539; x_wconf 95' lang='lat' dir='ltr'>in</span> <span class='ocrx_word' id='word_1_10' title='bbox 1043 475 1130 554; x_wconf 78' lang='lat' dir='ltr'>acuis</span> <span class='ocrx_word' id='word_1_11' title='bbox 1163 475 1386 558; x_wconf 83' lang='lat' dir='ltr'>Romanorum</span> <span class='ocrx_word' id='word_1_12' title='bbox 1419 476 1565 542; x_wconf 75' lang='lat' dir='ltr'><strong>Platonis</strong></span> 
     </span>
     <span class='ocr_line' id='line_1_4' title="bbox 276 563 1566 653; baseline 0 -22"><span class='ocrx_word' id='word_1_13' title='bbox 276 585 439 632; x_wconf 87' lang='lat' dir='ltr'>sermones</span> <span class='ocrx_word' id='word_1_14' title='bbox 478 565 606 629; x_wconf 85' lang='lat' dir='ltr'>recitari</span> <span class='ocrx_word' id='word_1_15' title='bbox 653 585 717 628; x_wconf 93' lang='lat' dir='ltr'>nou</span> <span class='ocrx_word' id='word_1_16' title='bbox 763 565 945 629; x_wconf 91' lang='lat' dir='ltr'>inauditum</span> <span class='ocrx_word' id='word_1_17' title='bbox 984 564 1107 642; x_wconf 72' lang='lat' dir='ltr'>essetl)</span> <span class='ocrx_word' id='word_1_18' title='bbox 1167 563 1265 630; x_wconf 88' lang='lat' dir='ltr'>Nulla</span> <span class='ocrx_word' id='word_1_19' title='bbox 1308 586 1343 629; x_wconf 92' lang='lat' dir='ltr'>re</span> <span class='ocrx_word' id='word_1_20' title='bbox 1380 565 1566 653; x_wconf 78' lang='lat' dir='ltr'><strong>philosophi</strong></span> 
     </span>
     <span class='ocr_line' id='line_1_5' title="bbox 275 652 1566 734; baseline 0.002 -14"><span class='ocrx_word' id='word_1_21' title='bbox 275 653 509 734; x_wconf 60' lang='lat' dir='ltr'>abstinebant‘l)</span> <span class='ocrx_word' id='word_1_22' title='bbox 534 674 593 717; x_wconf 88' lang='lat' dir='ltr'>uec</span> <span class='ocrx_word' id='word_1_23' title='bbox 625 654 702 717; x_wconf 87' lang='lat' dir='ltr'>satis</span> <span class='ocrx_word' id='word_1_24' title='bbox 734 652 898 718; x_wconf 88' lang='lat' dir='ltr'>habebant</span> <span class='ocrx_word' id='word_1_25' title='bbox 931 653 971 717; x_wconf 89' lang='lat' dir='ltr'>de</span> <span class='ocrx_word' id='word_1_26' title='bbox 1003 655 1111 718; x_wconf 90' lang='lat' dir='ltr'>animo</span> <span class='ocrx_word' id='word_1_27' title='bbox 1135 659 1191 718; x_wconf 91' lang='lat' dir='ltr'>aut</span> <span class='ocrx_word' id='word_1_28' title='bbox 1223 654 1366 718; x_wconf 90' lang='lat' dir='ltr'>moribus</span> <span class='ocrx_word' id='word_1_29' title='bbox 1395 654 1566 722; x_wconf 90' lang='lat' dir='ltr'>hominum</span> 
     </span>
     <span class='ocr_line' id='line_1_6' title="bbox 276 742 1566 830; baseline 0.002 -22"><span class='ocrx_word' id='word_1_30' title='bbox 276 744 452 829; x_wconf 89' lang='lat' dir='ltr'>disputare,</span> <span class='ocrx_word' id='word_1_31' title='bbox 464 742 540 830; x_wconf 32' lang='lat' dir='ltr'>Ased</span> <span class='ocrx_word' id='word_1_32' title='bbox 563 742 661 807; x_wconf 90' lang='lat' dir='ltr'>etiam</span> <span class='ocrx_word' id='word_1_33' title='bbox 695 749 868 827; x_wconf 89' lang='lat' dir='ltr'>praecepta</span> <span class='ocrx_word' id='word_1_34' title='bbox 892 743 1022 823; x_wconf 92' lang='lat' dir='ltr'>dabant,</span> <span class='ocrx_word' id='word_1_35' title='bbox 1059 743 1219 828; x_wconf 90' lang='lat' dir='ltr'>quemodo</span> <span class='ocrx_word' id='word_1_36' title='bbox 1254 743 1355 808; x_wconf 86' lang='lat' dir='ltr'>barba</span> <span class='ocrx_word' id='word_1_37' title='bbox 1379 745 1566 812; x_wconf 78' lang='lat' dir='ltr'>tonderetur</span> 
     </span>
     <span class='ocr_line' id='line_1_7' title="bbox 198 829 1001 918; baseline -0.002 -20"><span class='ocrx_word' id='word_1_38' title='bbox 198 831 237 914; x_wconf 29' lang='lat' dir='ltr'>ll·</span> <span class='ocrx_word' id='word_1_39' title='bbox 276 840 309 898; x_wconf 89' lang='lat' dir='ltr'>et</span> <span class='ocrx_word' id='word_1_40' title='bbox 331 833 430 896; x_wconf 86' lang='lat' dir='ltr'>restis</span> <span class='ocrx_word' id='word_1_41' title='bbox 452 829 679 918; x_wconf 57' lang='lat' dir='ltr'>trauersum)</span> <span class='ocrx_word' id='word_1_42' title='bbox 997 907 1001 916; x_wconf 40' lang='grc'>,</span> 
     </span>
    </p>

    <p class='ocr_par' dir='ltr' id='par_1_3' title="bbox 276 906 1569 3151">
     <span class='ocr_line' id='line_1_8' title="bbox 383 906 1564 1007; baseline 0.003 -22"><span class='ocrx_word' id='word_1_43' title='bbox 383 906 490 986; x_wconf 55' lang='lat' dir='ltr'>atiani</span> <span class='ocrx_word' id='word_1_44' title='bbox 512 922 546 1002; x_wconf 87' lang='lat' dir='ltr'>ii,</span> <span class='ocrx_word' id='word_1_45' title='bbox 576 922 632 1007; x_wconf 85' lang='lat' dir='ltr'>qui</span> <span class='ocrx_word' id='word_1_46' title='bbox 656 920 753 984; x_wconf 91' lang='lat' dir='ltr'>alieni</span> <span class='ocrx_word' id='word_1_47' title='bbox 777 925 871 985; x_wconf 91' lang='lat' dir='ltr'>erant</span> <span class='ocrx_word' id='word_1_48' title='bbox 896 941 915 985; x_wconf 92' lang='lat' dir='ltr'>a</span> <span class='ocrx_word' id='word_1_49' title='bbox 938 920 1043 985; x_wconf 92' lang='lat' dir='ltr'>studio</span> <span class='ocrx_word' id='word_1_50' title='bbox 1075 921 1253 1007; x_wconf 79' lang='lat' dir='ltr'>sapientiae</span> <span class='ocrx_word' id='word_1_51' title='bbox 1276 927 1312 985; x_wconf 91' lang='lat' dir='ltr'>ut</span> <span class='ocrx_word' id='word_1_52' title='bbox 1336 921 1564 1003; x_wconf 80' lang='lat' dir='ltr'>Quintilianus,</span> 
     </span>
     <span class='ocr_line' id='line_1_9' title="bbox 277 1009 1567 1094; baseline 0.002 -18"><span class='ocrx_word' id='word_1_53' title='bbox 277 1011 440 1076; x_wconf 90' lang='lat' dir='ltr'>neminem</span> <span class='ocrx_word' id='word_1_54' title='bbox 471 1011 592 1076; x_wconf 90' lang='lat' dir='ltr'>benum</span> <span class='ocrx_word' id='word_1_55' title='bbox 628 1031 697 1074; x_wconf 89' lang='lat' dir='ltr'>esse</span> <span class='ocrx_word' id='word_1_56' title='bbox 731 1010 793 1074; x_wconf 89' lang='lat' dir='ltr'>nisi</span> <span class='ocrx_word' id='word_1_57' title='bbox 826 1009 882 1094; x_wconf 92' lang='lat' dir='ltr'>qui</span> <span class='ocrx_word' id='word_1_58' title='bbox 913 1016 1123 1094; x_wconf 85' lang='lat' dir='ltr'>cognosceret</span> <span class='ocrx_word' id='word_1_59' title='bbox 1155 1010 1335 1076; x_wconf 80' lang='lat' dir='ltr'>doctrinam</span> <span class='ocrx_word' id='word_1_60' title='bbox 1369 1012 1500 1077; x_wconf 87' lang='lat' dir='ltr'>virtutis</span> <span class='ocrx_word' id='word_1_61' title='bbox 1533 1019 1567 1078; x_wconf 90' lang='lat' dir='ltr'>et</span> 
     </span>
     <span class='ocr_line' id='line_1_10' title="bbox 276 1097 1566 1182; baseline 0.002 -18"><span class='ocrx_word' id='word_1_62' title='bbox 276 1101 418 1173; x_wconf 88' lang='lat' dir='ltr'>iustitiae</span> <span class='ocrx_word' id='word_1_63' title='bbox 453 1097 713 1179; x_wconf 80' lang='lat' dir='ltr'>concedebant.4)</span> <span class='ocrx_word' id='word_1_64' title='bbox 760 1098 850 1163; x_wconf 90' lang='lat' dir='ltr'>Idem</span> <span class='ocrx_word' id='word_1_65' title='bbox 884 1105 993 1164; x_wconf 83' lang='lat' dir='ltr'>autern</span> <span class='ocrx_word' id='word_1_66' title='bbox 1029 1100 1182 1164; x_wconf 84' lang='lat' dir='ltr'>volebant</span> <span class='ocrx_word' id='word_1_67' title='bbox 1217 1099 1350 1179; x_wconf 85' lang='lat' dir='ltr'>Seneca,</span> <span class='ocrx_word' id='word_1_68' title='bbox 1389 1101 1566 1182; x_wconf 84' lang='lat' dir='ltr'>Musonius,</span> 
     </span>
     <span class='ocr_line' id='line_1_11' title="bbox 278 1187 1566 1275; baseline 0 -19"><span class='ocrx_word' id='word_1_69' title='bbox 278 1190 454 1275; x_wconf 80' lang='lat' dir='ltr'>Epictetus,</span> <span class='ocrx_word' id='word_1_70' title='bbox 477 1189 686 1274; x_wconf 85' lang='lat' dir='ltr'>Peregrinus,</span> <span class='ocrx_word' id='word_1_71' title='bbox 710 1187 775 1251; x_wconf 92' lang='lat' dir='ltr'>alii.</span> <span class='ocrx_word' id='word_1_72' title='bbox 822 1187 866 1252; x_wconf 88' lang='lat' dir='ltr'>Hi</span> <span class='ocrx_word' id='word_1_73' title='bbox 883 1209 1011 1273; x_wconf 92' lang='lat' dir='ltr'>quoque</span> <span class='ocrx_word' id='word_1_74' title='bbox 1027 1189 1264 1274; x_wconf 86' lang='lat' dir='ltr'>philosophiam</span> <span class='ocrx_word' id='word_1_75' title='bbox 1280 1189 1422 1254; x_wconf 91' lang='lat' dir='ltr'>studium</span> <span class='ocrx_word' id='word_1_76' title='bbox 1439 1192 1566 1256; x_wconf 86' lang='lat' dir='ltr'>virtutis</span> 
     </span>
     <span class='ocr_line' id='line_1_12' title="bbox 278 1276 1567 1365; baseline 0 -21"><span class='ocrx_word' id='word_1_77' title='bbox 278 1289 310 1344; x_wconf 89' lang='lat' dir='ltr'>et</span> <span class='ocrx_word' id='word_1_78' title='bbox 333 1278 511 1364; x_wconf 84' lang='lat' dir='ltr'>sapientiae</span> <span class='ocrx_word' id='word_1_79' title='bbox 542 1299 612 1342; x_wconf 88' lang='lat' dir='ltr'>esse</span> <span class='ocrx_word' id='word_1_80' title='bbox 636 1283 791 1363; x_wconf 89' lang='lat' dir='ltr'>perpetuo</span> <span class='ocrx_word' id='word_1_81' title='bbox 823 1277 1022 1362; x_wconf 88' lang='lat' dir='ltr'>repetebant.</span> <span class='ocrx_word' id='word_1_82' title='bbox 1070 1276 1218 1365; x_wconf 79' lang='lat' dir='ltr'>Cumque</span> <span class='ocrx_word' id='word_1_83' title='bbox 1249 1280 1375 1344; x_wconf 89' lang='lat' dir='ltr'>animos</span> <span class='ocrx_word' id='word_1_84' title='bbox 1398 1280 1567 1344; x_wconf 91' lang='lat' dir='ltr'>homiuum</span> 
     </span>
     <span class='ocr_line' id='line_1_13' title="bbox 280 1364 1567 1453; baseline 0.001 -20"><span class='ocrx_word' id='word_1_85' title='bbox 280 1369 440 1453; x_wconf 86' lang='lat' dir='ltr'>corrigere</span> <span class='ocrx_word' id='word_1_86' title='bbox 464 1366 653 1448; x_wconf 89' lang='lat' dir='ltr'>niterentur,</span> <span class='ocrx_word' id='word_1_87' title='bbox 686 1364 784 1431; x_wconf 90' lang='lat' dir='ltr'>etiam</span> <span class='ocrx_word' id='word_1_88' title='bbox 819 1372 915 1452; x_wconf 90' lang='lat' dir='ltr'>atque</span> <span class='ocrx_word' id='word_1_89' title='bbox 948 1367 1045 1431; x_wconf 90' lang='lat' dir='ltr'>etiam</span> <span class='ocrx_word' id='word_1_90' title='bbox 1078 1388 1143 1432; x_wconf 91' lang='lat' dir='ltr'>non</span> <span class='ocrx_word' id='word_1_91' title='bbox 1178 1368 1282 1432; x_wconf 89' lang='lat' dir='ltr'>selum</span> <span class='ocrx_word' id='word_1_92' title='bbox 1311 1369 1495 1448; x_wconf 85' lang='lat' dir='ltr'>monebant,</span> <span class='ocrx_word' id='word_1_93' title='bbox 1531 1378 1567 1434; x_wconf 91' lang='lat' dir='ltr'>ut</span> 
     </span>
     <span class='ocr_line' id='line_1_14' title="bbox 277 1455 1565 1542; baseline 0.002 -20"><span class='ocrx_word' id='word_1_94' title='bbox 277 1455 1565 1542; x_wconf 80' lang='lat' dir='ltr'>virtuteappetendahominesbeatudinemassequerentur,sedetiamcontinuo</span> 
     </span>
     <span class='ocr_line' id='line_1_15' title="bbox 278 1545 1568 1634; baseline 0 -22"><span class='ocrx_word' id='word_1_95' title='bbox 278 1547 495 1634; x_wconf 86' lang='lat' dir='ltr'>postulabant,</span> <span class='ocrx_word' id='word_1_96' title='bbox 519 1552 555 1610; x_wconf 91' lang='lat' dir='ltr'>ut</span> <span class='ocrx_word' id='word_1_97' title='bbox 576 1546 657 1610; x_wconf 82' lang='lat' dir='ltr'>vitia</span> <span class='ocrx_word' id='word_1_98' title='bbox 672 1545 878 1630; x_wconf 84' lang='lat' dir='ltr'>expellerent.</span> <span class='ocrx_word' id='word_1_99' title='bbox 916 1545 1040 1630; x_wconf 81' lang='lat' dir='ltr'>&#39;Itaque</span> <span class='ocrx_word' id='word_1_100' title='bbox 1056 1545 1181 1612; x_wconf 85' lang='lat' dir='ltr'>Seneca</span> <span class='ocrx_word' id='word_1_101' title='bbox 1200 1547 1410 1612; x_wconf 82' lang='lat' dir='ltr'>vehementer</span> <span class='ocrx_word' id='word_1_102' title='bbox 1424 1548 1457 1613; x_wconf 94' lang='lat' dir='ltr'>in</span> <span class='ocrx_word' id='word_1_103' title='bbox 1474 1549 1568 1613; x_wconf 84' lang='lat' dir='ltr'>luxu-</span> 
     </span>
     <span class='ocr_line' id='line_1_16' title="bbox 279 1634 1569 1718; baseline 0 -16"><span class='ocrx_word' id='word_1_104' title='bbox 279 1638 372 1718; x_wconf 84' lang='lat' dir='ltr'>riam,</span> <span class='ocrx_word' id='word_1_105' title='bbox 396 1636 575 1714; x_wconf 81' lang='lat' dir='ltr'>avaritiam,</span> <span class='ocrx_word' id='word_1_106' title='bbox 600 1634 805 1716; x_wconf 82' lang='lat' dir='ltr'>adulterium,</span> <span class='ocrx_word' id='word_1_107' title='bbox 829 1634 978 1699; x_wconf 87' lang='lat' dir='ltr'>libidines</span> <span class='ocrx_word' id='word_1_108' title='bbox 1001 1635 1166 1700; x_wconf 79' lang='lat' dir='ltr'>invehitur</span> <span class='ocrx_word' id='word_1_109' title='bbox 1189 1657 1248 1700; x_wconf 89' lang='lat' dir='ltr'>nec</span> <span class='ocrx_word' id='word_1_110' title='bbox 1279 1636 1464 1701; x_wconf 88' lang='lat' dir='ltr'>foedissima</span> <span class='ocrx_word' id='word_1_111' title='bbox 1489 1638 1569 1702; x_wconf 88' lang='lat' dir='ltr'>vitia</span> 
     </span>
     <span class='ocr_line' id='line_1_17' title="bbox 279 1724 1568 1814; baseline -0.001 -23"><span class='ocrx_word' id='word_1_112' title='bbox 279 1725 462 1792; x_wconf 88' lang='lat' dir='ltr'>describere</span> <span class='ocrx_word' id='word_1_113' title='bbox 485 1733 624 1805; x_wconf 81' lang='lat' dir='ltr'>veretur,</span> <span class='ocrx_word' id='word_1_114' title='bbox 659 1731 695 1789; x_wconf 96' lang='lat' dir='ltr'>ut</span> <span class='ocrx_word' id='word_1_115' title='bbox 718 1725 860 1789; x_wconf 90' lang='lat' dir='ltr'>taedium</span> <span class='ocrx_word' id='word_1_116' title='bbox 884 1725 992 1810; x_wconf 88' lang='lat' dir='ltr'>capiat</span> <span class='ocrx_word' id='word_1_117' title='bbox 1025 1746 1080 1788; x_wconf 90' lang='lat' dir='ltr'>eos</span> <span class='ocrx_word' id='word_1_118' title='bbox 1104 1726 1159 1810; x_wconf 89' lang='lat' dir='ltr'>qui</span> <span class='ocrx_word' id='word_1_119' title='bbox 1193 1724 1314 1811; x_wconf 86' lang='lat' dir='ltr'>legunt.</span> <span class='ocrx_word' id='word_1_120' title='bbox 1362 1725 1450 1796; x_wconf 89' lang='lat' dir='ltr'>Nihil</span> <span class='ocrx_word' id='word_1_121' title='bbox 1472 1727 1568 1814; x_wconf 29' lang='lat' dir='ltr'>alliud</span> 
     </span>
     <span class='ocr_line' id='line_1_18' title="bbox 279 1813 1568 1901; baseline 0.001 -21"><span class='ocrx_word' id='word_1_122' title='bbox 279 1814 447 1882; x_wconf 82' lang='lat' dir='ltr'>Juvenalis</span> <span class='ocrx_word' id='word_1_123' title='bbox 477 1816 546 1901; x_wconf 78' lang='lat' dir='ltr'>agit</span> <span class='ocrx_word' id='word_1_124' title='bbox 577 1814 610 1879; x_wconf 94' lang='lat' dir='ltr'>in</span> <span class='ocrx_word' id='word_1_125' title='bbox 646 1814 773 1896; x_wconf 88' lang='lat' dir='ltr'>saturis,</span> <span class='ocrx_word' id='word_1_126' title='bbox 805 1814 995 1898; x_wconf 90' lang='lat' dir='ltr'>praesertim</span> <span class='ocrx_word' id='word_1_127' title='bbox 1013 1835 1103 1878; x_wconf 87' lang='lat' dir='ltr'>-euru</span> <span class='ocrx_word' id='word_1_128' title='bbox 1138 1815 1305 1879; x_wconf 90' lang='lat' dir='ltr'>hominum</span> <span class='ocrx_word' id='word_1_129' title='bbox 1341 1813 1568 1900; x_wconf 82' lang='lat' dir='ltr'>perversitates</span> 
     </span>
     <span class='ocr_line' id='line_1_19' title="bbox 281 1903 1568 1990; baseline 0 -20"><span class='ocrx_word' id='word_1_130' title='bbox 281 1907 393 1976; x_wconf 87' lang='lat' dir='ltr'>erebro</span> <span class='ocrx_word' id='word_1_131' title='bbox 410 1905 598 1970; x_wconf 89' lang='lat' dir='ltr'>nonioeose</span> <span class='ocrx_word' id='word_1_132' title='bbox 613 1904 736 1984; x_wconf 89' lang='lat' dir='ltr'>illudat,</span> <span class='ocrx_word' id='word_1_133' title='bbox 762 1903 819 1968; x_wconf 91' lang='lat' dir='ltr'>sed</span> <span class='ocrx_word' id='word_1_134' title='bbox 834 1903 1024 1989; x_wconf 88' lang='lat' dir='ltr'>plerumque</span> <span class='ocrx_word' id='word_1_135' title='bbox 1040 1903 1248 1968; x_wconf 84' lang='lat' dir='ltr'>acerbissime</span> <span class='ocrx_word' id='word_1_136' title='bbox 1263 1903 1441 1990; x_wconf 52' lang='lat' dir='ltr'>castigare)</span> <span class='ocrx_word' id='word_1_137' title='bbox 1484 1905 1568 1970; x_wconf 88' lang='lat' dir='ltr'>Nam</span> 
     </span>
     <span class='ocr_line' id='line_1_20' title="bbox 281 1993 1568 2079; baseline -0.001 -20"><span class='ocrx_word' id='word_1_138' title='bbox 281 1996 389 2059; x_wconf 91' lang='lat' dir='ltr'>minus</span> <span class='ocrx_word' id='word_1_139' title='bbox 411 1994 513 2058; x_wconf 91' lang='lat' dir='ltr'>risum</span> <span class='ocrx_word' id='word_1_140' title='bbox 527 1993 704 2078; x_wconf 85' lang='lat' dir='ltr'>legentium</span> <span class='ocrx_word' id='word_1_141' title='bbox 721 1993 861 2056; x_wconf 86' lang='lat' dir='ltr'>excitare</span> <span class='ocrx_word' id='word_1_142' title='bbox 878 2014 976 2078; x_wconf 92' lang='lat' dir='ltr'>quam</span> <span class='ocrx_word' id='word_1_143' title='bbox 992 2014 1046 2057; x_wconf 89' lang='lat' dir='ltr'>eos</span> <span class='ocrx_word' id='word_1_144' title='bbox 1063 1993 1235 2079; x_wconf 89' lang='lat' dir='ltr'>obiurgare</span> <span class='ocrx_word' id='word_1_145' title='bbox 1251 1995 1349 2078; x_wconf 88' lang='lat' dir='ltr'>eupit,</span> <span class='ocrx_word' id='word_1_146' title='bbox 1374 1996 1429 2078; x_wconf 91' lang='lat' dir='ltr'>qui</span> <span class='ocrx_word' id='word_1_147' title='bbox 1449 1993 1568 2059; x_wconf 88' lang='lat' dir='ltr'>talibus</span> 
     </span>
     <span class='ocr_line' id='line_1_21' title="bbox 282 2081 1569 2170; baseline 0.002 -22"><span class='ocrx_word' id='word_1_148' title='bbox 282 2083 410 2168; x_wconf 62' lang='lat' dir='ltr'>flngffi</span> <span class='ocrx_word' id='word_1_149' title='bbox 420 2083 606 2169; x_wconf 80' lang='lat' dir='ltr'>indulgent.</span> <span class='ocrx_word' id='word_1_150' title='bbox 643 2082 819 2167; x_wconf 88' lang='lat' dir='ltr'>Propterea</span> <span class='ocrx_word' id='word_1_151' title='bbox 831 2081 852 2145; x_wconf 88' lang='lat' dir='ltr'>J</span> <span class='ocrx_word' id='word_1_152' title='bbox 854 2082 998 2146; x_wconf 86' lang='lat' dir='ltr'>uvenalis</span> <span class='ocrx_word' id='word_1_153' title='bbox 1015 2083 1155 2167; x_wconf 77' lang='lat' dir='ltr'>vestigia</span> <span class='ocrx_word' id='word_1_154' title='bbox 1168 2103 1279 2148; x_wconf 89' lang='lat' dir='ltr'>eorum</span> <span class='ocrx_word' id='word_1_155' title='bbox 1292 2083 1569 2170; x_wconf 88' lang='lat' dir='ltr'>philosophorum,</span> 
     </span>
     <span class='ocr_line' id='line_1_22' title="bbox 282 2171 1568 2259; baseline -0.003 -18"><span class='ocrx_word' id='word_1_156' title='bbox 282 2175 338 2259; x_wconf 86' lang='lat' dir='ltr'>qui</span> <span class='ocrx_word' id='word_1_157' title='bbox 358 2173 507 2240; x_wconf 68' lang='lat' dir='ltr'>beminen</span> <span class='ocrx_word' id='word_1_158' title='bbox 531 2171 804 2257; x_wconf 90' lang='lat' dir='ltr'>quemadmodum</span> <span class='ocrx_word' id='word_1_159' title='bbox 827 2193 951 2236; x_wconf 88' lang='lat' dir='ltr'>errores</span> <span class='ocrx_word' id='word_1_160' title='bbox 968 2178 1096 2251; x_wconf 82' lang='lat' dir='ltr'>exuant,</span> <span class='ocrx_word' id='word_1_161' title='bbox 1120 2174 1293 2258; x_wconf 89' lang='lat' dir='ltr'>praecipue</span> <span class='ocrx_word' id='word_1_162' title='bbox 1314 2173 1430 2238; x_wconf 87' lang='lat' dir='ltr'>doecre</span> <span class='ocrx_word' id='word_1_163' title='bbox 1446 2174 1568 2254; x_wconf 81' lang='lat' dir='ltr'>volunt,</span> 
     </span>
     <span class='ocr_line' id='line_1_23' title="bbox 283 2259 1568 2347; baseline -0.002 -19"><span class='ocrx_word' id='word_1_164' title='bbox 283 2285 347 2328; x_wconf 86' lang='lat' dir='ltr'>non</span> <span class='ocrx_word' id='word_1_165' title='bbox 370 2261 478 2328; x_wconf 88' lang='lat' dir='ltr'>minus</span> <span class='ocrx_word' id='word_1_166' title='bbox 500 2283 599 2347; x_wconf 89' lang='lat' dir='ltr'>quarn</span> <span class='ocrx_word' id='word_1_167' title='bbox 624 2259 779 2325; x_wconf 87' lang='lat' dir='ltr'>Horatius</span> <span class='ocrx_word' id='word_1_168' title='bbox 810 2261 863 2325; x_wconf 82' lang='lat' dir='ltr'>vel</span> <span class='ocrx_word' id='word_1_169' title='bbox 886 2260 1018 2326; x_wconf 91' lang='lat' dir='ltr'>Persius</span> <span class='ocrx_word' id='word_1_170' title='bbox 1046 2262 1199 2345; x_wconf 89' lang='lat' dir='ltr'>sequitur.</span> <span class='ocrx_word' id='word_1_171' title='bbox 1246 2261 1314 2326; x_wconf 88' lang='lat' dir='ltr'>Nee</span> <span class='ocrx_word' id='word_1_172' title='bbox 1337 2263 1455 2327; x_wconf 90' lang='lat' dir='ltr'>mirum</span> <span class='ocrx_word' id='word_1_173' title='bbox 1477 2262 1568 2326; x_wconf 94' lang='lat' dir='ltr'>illud.</span> 
     </span>
     <span class='ocr_line' id='line_1_24' title="bbox 311 2349 1567 2436; baseline 0.001 -21"><span class='ocrx_word' id='word_1_174' title='bbox 311 2395 313 2404; x_wconf 73' lang='lat'>‚</span> <span class='ocrx_word' id='word_1_175' title='bbox 391 2349 538 2435; x_wconf 79' lang='lat' dir='ltr'>Cumque</span> <span class='ocrx_word' id='word_1_176' title='bbox 548 2351 589 2416; x_wconf 91' lang='lat' dir='ltr'>ad</span> <span class='ocrx_word' id='word_1_177' title='bbox 598 2349 770 2417; x_wconf 87' lang='lat' dir='ltr'>Horatium</span> <span class='ocrx_word' id='word_1_178' title='bbox 778 2349 1191 2435; x_wconf 81' lang='lat' dir='ltr'>quoqueBionisdiatribae</span> <span class='ocrx_word' id='word_1_179' title='bbox 1200 2353 1375 2436; x_wconf 90' lang='lat' dir='ltr'>plurimum</span> <span class='ocrx_word' id='word_1_180' title='bbox 1383 2351 1567 2432; x_wconf 66' lang='lat' dir='ltr'>valerentt)</span> 
     </span>
     <span class='ocr_line' id='line_1_25' title="bbox 282 2439 1569 2526; baseline 0.001 -22"><span class='ocrx_word' id='word_1_181' title='bbox 282 2439 420 2526; x_wconf 84' lang='lat' dir='ltr'>vestigia</span> <span class='ocrx_word' id='word_1_182' title='bbox 451 2441 519 2505; x_wconf 92' lang='lat' dir='ltr'>eius</span> <span class='ocrx_word' id='word_1_183' title='bbox 542 2440 735 2526; x_wconf 90' lang='lat' dir='ltr'>philosophi,</span> <span class='ocrx_word' id='word_1_184' title='bbox 767 2440 823 2525; x_wconf 93' lang='lat' dir='ltr'>qui</span> <span class='ocrx_word' id='word_1_185' title='bbox 851 2440 970 2524; x_wconf 90' lang='lat' dir='ltr'>optime</span> <span class='ocrx_word' id='word_1_186' title='bbox 998 2440 1120 2505; x_wconf 89' lang='lat' dir='ltr'>sciebat</span> <span class='ocrx_word' id='word_1_187' title='bbox 1145 2441 1284 2506; x_wconf 51' lang='lat' dir='ltr'>ridendo¹</span> <span class='ocrx_word' id='word_1_188' title='bbox 1309 2441 1416 2506; x_wconf 85' lang='lat' dir='ltr'>dicere</span> <span class='ocrx_word' id='word_1_189' title='bbox 1444 2461 1569 2521; x_wconf 85' lang='lat' dir='ltr'>verum,</span> 
     </span>
     <span class='ocr_line' id='line_1_26' title="bbox 284 2526 1569 2616; baseline -0.001 -22"><span class='ocrx_word' id='word_1_190' title='bbox 284 2530 420 2596; x_wconf 86' lang='lat' dir='ltr'>fortasse</span> <span class='ocrx_word' id='word_1_191' title='bbox 445 2531 546 2595; x_wconf 82' lang='lat' dir='ltr'>etiam</span> <span class='ocrx_word' id='word_1_192' title='bbox 569 2529 656 2616; x_wconf 91' lang='lat' dir='ltr'>apud</span> <span class='ocrx_word' id='word_1_193' title='bbox 682 2530 875 2596; x_wconf 68' lang='lat' dir='ltr'>iuvenalem</span> <span class='ocrx_word' id='word_1_194' title='bbox 898 2536 1081 2593; x_wconf 90' lang='lat' dir='ltr'>occurrunt.</span> <span class='ocrx_word' id='word_1_195' title='bbox 1126 2531 1169 2594; x_wconf 87' lang='lat' dir='ltr'>At</span> <span class='ocrx_word' id='word_1_196' title='bbox 1192 2531 1232 2594; x_wconf 88' lang='lat' dir='ltr'>de</span> <span class='ocrx_word' id='word_1_197' title='bbox 1247 2530 1350 2595; x_wconf 89' lang='lat' dir='ltr'>Bione</span> <span class='ocrx_word' id='word_1_198' title='bbox 1377 2537 1444 2594; x_wconf 89' lang='lat' dir='ltr'>tam</span> <span class='ocrx_word' id='word_1_199' title='bbox 1468 2526 1569 2594; x_wconf 90' lang='lat' dir='ltr'>multa</span> 
     </span>
     <span class='ocr_line' id='line_1_27' title="bbox 284 2619 1569 2704; baseline -0.001 -20"><span class='ocrx_word' id='word_1_200' title='bbox 284 2620 404 2704; x_wconf 85' lang='lat' dir='ltr'>scripta</span> <span class='ocrx_word' id='word_1_201' title='bbox 419 2619 531 2700; x_wconf 84' lang='lat' dir='ltr'>sunt,⁷)</span> <span class='ocrx_word' id='word_1_202' title='bbox 556 2628 592 2684; x_wconf 93' lang='lat' dir='ltr'>ut</span> <span class='ocrx_word' id='word_1_203' title='bbox 607 2621 686 2685; x_wconf 88' lang='lat' dir='ltr'>haee</span> <span class='ocrx_word' id='word_1_204' title='bbox 710 2619 836 2683; x_wconf 86' lang='lat' dir='ltr'>silentio</span> <span class='ocrx_word' id='word_1_205' title='bbox 853 2620 1029 2703; x_wconf 89' lang='lat' dir='ltr'>praeterire</span> <span class='ocrx_word' id='word_1_206' title='bbox 1052 2620 1157 2684; x_wconf 81' lang='lat' dir='ltr'>liceat.</span> <span class='ocrx_word' id='word_1_207' title='bbox 1205 2619 1290 2684; x_wconf 85' lang='lat' dir='ltr'>Salis</span> <span class='ocrx_word' id='word_1_208' title='bbox 1306 2620 1404 2684; x_wconf 83' lang='lat' dir='ltr'>fuerit</span> <span class='ocrx_word' id='word_1_209' title='bbox 1419 2621 1484 2684; x_wconf 91' lang='lat' dir='ltr'>iam</span> <span class='ocrx_word' id='word_1_210' title='bbox 1509 2621 1569 2683; x_wconf 93' lang='lat' dir='ltr'>hoc</span> 
     </span>
     <span class='ocr_line' id='line_1_28' title="bbox 283 2705 1569 2795; baseline -0.002 -21"><span class='ocrx_word' id='word_1_211' title='bbox 283 2711 354 2774; x_wconf 84' lang='lat' dir='ltr'>loeo</span> <span class='ocrx_word' id='word_1_212' title='bbox 378 2730 599 2795; x_wconf 88' lang='lat' dir='ltr'>praemonere,</span> <span class='ocrx_word' id='word_1_213' title='bbox 623 2705 743 2794; x_wconf 89' lang='lat' dir='ltr'>quanta</span> <span class='ocrx_word' id='word_1_214' title='bbox 763 2708 938 2772; x_wconf 90' lang='lat' dir='ltr'>similitudo</span> <span class='ocrx_word' id='word_1_215' title='bbox 961 2709 1046 2772; x_wconf 92' lang='lat' dir='ltr'>inter</span> <span class='ocrx_word' id='word_1_216' title='bbox 1068 2715 1194 2776; x_wconf 85' lang='lat' dir='ltr'>saturas</span> <span class='ocrx_word' id='word_1_217' title='bbox 1215 2708 1382 2774; x_wconf 89' lang='lat' dir='ltr'>Romanas</span> <span class='ocrx_word' id='word_1_218' title='bbox 1398 2715 1429 2773; x_wconf 90' lang='lat' dir='ltr'>et</span> <span class='ocrx_word' id='word_1_219' title='bbox 1452 2710 1569 2782; x_wconf 84' lang='lat' dir='ltr'>disser-</span> 
     </span>
     <span class='ocr_line' id='line_1_29' title="bbox 285 2797 1568 2884; baseline -0.002 -21"><span class='ocrx_word' id='word_1_220' title='bbox 285 2800 422 2863; x_wconf 90' lang='lat' dir='ltr'>tationes</span> <span class='ocrx_word' id='word_1_221' title='bbox 444 2799 574 2863; x_wconf 87' lang='lat' dir='ltr'>illcrum</span> <span class='ocrx_word' id='word_1_222' title='bbox 596 2799 802 2884; x_wconf 88' lang='lat' dir='ltr'>popularium</span> <span class='ocrx_word' id='word_1_223' title='bbox 824 2798 1090 2882; x_wconf 89' lang='lat' dir='ltr'>philosophorum</span> <span class='ocrx_word' id='word_1_224' title='bbox 1106 2799 1156 2877; x_wconf 90' lang='lat' dir='ltr'>sit,</span> <span class='ocrx_word' id='word_1_225' title='bbox 1181 2798 1236 2882; x_wconf 92' lang='lat' dir='ltr'>qui</span> <span class='ocrx_word' id='word_1_226' title='bbox 1257 2819 1347 2863; x_wconf 90' lang='lat' dir='ltr'>more</span> <span class='ocrx_word' id='word_1_227' title='bbox 1363 2797 1568 2884; x_wconf 82' lang='lat' dir='ltr'>Cynicorum,</span> 
     </span>
     <span class='ocr_line' id='line_1_30' title="bbox 287 2887 1569 2973; baseline -0.002 -19"><span class='ocrx_word' id='word_1_228' title='bbox 287 2909 424 2973; x_wconf 87' lang='lat' dir='ltr'>querum</span> <span class='ocrx_word' id='word_1_229' title='bbox 458 2889 564 2954; x_wconf 91' lang='lat' dir='ltr'>studia</span> <span class='ocrx_word' id='word_1_230' title='bbox 598 2896 666 2952; x_wconf 92' lang='lat' dir='ltr'>tum</span> <span class='ocrx_word' id='word_1_231' title='bbox 700 2888 957 2959; x_wconf 81' lang='lat' dir='ltr'>refloreseebant</span> <span class='ocrx_word' id='word_1_232' title='bbox 994 2887 1117 2950; x_wconf 90' lang='lat' dir='ltr'>animos</span> <span class='ocrx_word' id='word_1_233' title='bbox 1152 2887 1192 2951; x_wconf 89' lang='lat' dir='ltr'>ad</span> <span class='ocrx_word' id='word_1_234' title='bbox 1227 2889 1379 2952; x_wconf 87' lang='lat' dir='ltr'>virtutem</span> <span class='ocrx_word' id='word_1_235' title='bbox 1414 2888 1569 2952; x_wconf 90' lang='lat' dir='ltr'>reducere</span> 
     </span>
     <span class='ocr_line' id='line_1_31' title="bbox 286 2976 1569 3050; baseline -0.001 -8"><span class='ocrx_word' id='word_1_236' title='bbox 286 2979 496 3043; x_wconf 91' lang='lat' dir='ltr'>conabantur.</span> <span class='ocrx_word' id='word_1_237' title='bbox 543 2977 649 3050; x_wconf 81' lang='lat' dir='ltr'>Quam</span> <span class='ocrx_word' id='word_1_238' title='bbox 683 2977 724 3041; x_wconf 93' lang='lat' dir='ltr'>ob</span> <span class='ocrx_word' id='word_1_239' title='bbox 759 2997 827 3041; x_wconf 90' lang='lat' dir='ltr'>rem</span> <span class='ocrx_word' id='word_1_240' title='bbox 862 2976 941 3041; x_wconf 91' lang='lat' dir='ltr'>mihi</span> <span class='ocrx_word' id='word_1_241' title='bbox 976 2982 1099 3039; x_wconf 89' lang='lat' dir='ltr'>eertum</span> <span class='ocrx_word' id='word_1_242' title='bbox 1128 2976 1255 3041; x_wconf 87' lang='lat' dir='ltr'>videtur</span> <span class='ocrx_word' id='word_1_243' title='bbox 1278 2977 1472 3041; x_wconf 82' lang='lat' dir='ltr'>Juvenalem</span> <span class='ocrx_word' id='word_1_244' title='bbox 1495 2999 1569 3042; x_wconf 89' lang='lat' dir='ltr'>eum</span> 
     </span>
     <span class='ocr_line' id='line_1_32' title="bbox 286 3064 1568 3151; baseline -0.002 -20"><span class='ocrx_word' id='word_1_245' title='bbox 286 3067 418 3132; x_wconf 90' lang='lat' dir='ltr'>easdem</span> <span class='ocrx_word' id='word_1_246' title='bbox 439 3067 510 3131; x_wconf 55' lang='lat' dir='ltr'>&gt;fere</span> <span class='ocrx_word' id='word_1_247' title='bbox 541 3088 593 3131; x_wconf 92' lang='lat' dir='ltr'>res</span> <span class='ocrx_word' id='word_1_248' title='bbox 618 3073 755 3131; x_wconf 89' lang='lat' dir='ltr'>tractare</span> <span class='ocrx_word' id='word_1_249' title='bbox 779 3072 847 3129; x_wconf 90' lang='lat' dir='ltr'>tum</span> <span class='ocrx_word' id='word_1_250' title='bbox 876 3064 972 3129; x_wconf 91' lang='lat' dir='ltr'>simili</span> <span class='ocrx_word' id='word_1_251' title='bbox 996 3086 1124 3149; x_wconf 90' lang='lat' dir='ltr'>quoque</span> <span class='ocrx_word' id='word_1_252' title='bbox 1147 3067 1275 3130; x_wconf 89' lang='lat' dir='ltr'>ratione</span> <span class='ocrx_word' id='word_1_253' title='bbox 1298 3074 1395 3151; x_wconf 85' lang='lat' dir='ltr'>atque</span> <span class='ocrx_word' id='word_1_254' title='bbox 1418 3067 1489 3131; x_wconf 93' lang='lat' dir='ltr'>illos</span> <span class='ocrx_word' id='word_1_255' title='bbox 1512 3068 1568 3130; x_wconf 88' lang='lat' dir='ltr'>uti.</span> 
     </span>
    </p>
   </div>
   <div class='ocr_carea' id='block_1_3' title="bbox 292 3295 1570 3790">
    <p class='ocr_par' dir='ltr' id='par_1_4' title="bbox 397 3295 1570 3436">
     <span class='ocr_line' id='line_1_33' title="bbox 397 3295 1570 3436; baseline -0.003 -13"><span class='ocrx_word' id='word_1_256' title='bbox 397 3298 424 3429; x_wconf 61' lang='lat' dir='ltr'>dl</span> <span class='ocrx_word' id='word_1_257' title='bbox 441 3295 952 3436; x_wconf 41' lang='lat' dir='ltr'>lillibddlbndffbbadsldlibbdniauae,</span> <span class='ocrx_word' id='word_1_258' title='bbox 967 3366 1095 3422; x_wconf 90' lang='lat' dir='ltr'>Berelini</span> <span class='ocrx_word' id='word_1_259' title='bbox 1110 3369 1186 3422; x_wconf 87' lang='grc'><strong>1886.</strong></span> <span class='ocrx_word' id='word_1_260' title='bbox 1216 3365 1321 3435; x_wconf 85' lang='lat' dir='ltr'>llirnel,</span> <span class='ocrx_word' id='word_1_261' title='bbox 1331 3367 1358 3422; x_wconf 89' lang='lat' dir='ltr'>d.</span> <span class='ocrx_word' id='word_1_262' title='bbox 1369 3367 1474 3436; x_wconf 85' lang='lat' dir='ltr'>Dialog</span> <span class='ocrx_word' id='word_1_263' title='bbox 1487 3367 1570 3423; x_wconf 80' lang='lat'>1387.</span> 
     </span>
    </p>

    <p class='ocr_par' dir='ltr' id='par_1_5' title="bbox 398 3437 772 3522">
     <span class='ocr_line' id='line_1_34' title="bbox 398 3437 772 3522; baseline -0.003 -27"><span class='ocrx_word' id='word_1_264' title='bbox 398 3441 424 3506; x_wconf 85' lang='lat'>3)</span> <span class='ocrx_word' id='word_1_265' title='bbox 446 3438 522 3522; x_wconf 80' lang='lat' dir='ltr'>Frdl.</span> <span class='ocrx_word' id='word_1_266' title='bbox 542 3438 568 3496; x_wconf 88' lang='lat' dir='ltr'>S.</span> <span class='ocrx_word' id='word_1_267' title='bbox 583 3437 615 3495; x_wconf 85' lang='lat' dir='ltr'>G.</span> <span class='ocrx_word' id='word_1_268' title='bbox 634 3437 693 3493; x_wconf 81' lang='lat' dir='ltr'>lll⁶</span> <span class='ocrx_word' id='word_1_269' title='bbox 711 3441 772 3494; x_wconf 77' lang='lat'>709.</span> 
     </span>
    </p>

    <p class='ocr_par' dir='ltr' id='par_1_6' title="bbox 396 3509 774 3577">
     <span class='ocr_line' id='line_1_35' title="bbox 396 3509 774 3577; baseline 0.013 -14"><span class='ocrx_word' id='word_1_270' title='bbox 396 3511 424 3577; x_wconf 85' lang='lat'>4)</span> <span class='ocrx_word' id='word_1_271' title='bbox 444 3510 562 3577; x_wconf 78' lang='lat' dir='ltr'>Q.1nst.</span> <span class='ocrx_word' id='word_1_272' title='bbox 581 3509 642 3566; x_wconf 88' lang='lat' dir='ltr'>Xll.</span> <span class='ocrx_word' id='word_1_273' title='bbox 661 3512 686 3564; x_wconf 79' lang='lat'>2.</span> <span class='ocrx_word' id='word_1_274' title='bbox 702 3527 774 3568; x_wconf 78' lang='lat'>1-28·</span> 
     </span>
    </p>

    <p class='ocr_par' dir='ltr' id='par_1_7' title="bbox 292 3579 1570 3790">
     <span class='ocr_line' id='line_1_36' title="bbox 398 3579 1570 3652; baseline -0.003 -16"><span class='ocrx_word' id='word_1_275' title='bbox 398 3581 426 3646; x_wconf 79' lang='lat'>5)</span> <span class='ocrx_word' id='word_1_276' title='bbox 446 3583 481 3637; x_wconf 87' lang='lat' dir='ltr'>of.</span> <span class='ocrx_word' id='word_1_277' title='bbox 501 3584 554 3638; x_wconf 86' lang='lat' dir='ltr'>sat.</span> <span class='ocrx_word' id='word_1_278' title='bbox 578 3586 599 3636; x_wconf 89' lang='lat' dir='ltr'>l.</span> <span class='ocrx_word' id='word_1_279' title='bbox 612 3585 647 3636; x_wconf 82' lang='grc'>45</span> <span class='ocrx_word' id='word_1_280' title='bbox 668 3581 761 3649; x_wconf 84' lang='lat' dir='ltr'>(Belia</span> <span class='ocrx_word' id='word_1_281' title='bbox 779 3579 816 3636; x_wconf 87' lang='lat' dir='ltr'>dc</span> <span class='ocrx_word' id='word_1_282' title='bbox 830 3580 949 3636; x_wconf 88' lang='lat' dir='ltr'>Horatio</span> <span class='ocrx_word' id='word_1_283' title='bbox 969 3583 998 3636; x_wconf 88' lang='lat' dir='ltr'>et</span> <span class='ocrx_word' id='word_1_284' title='bbox 1011 3581 1116 3636; x_wconf 79' lang='lat' dir='ltr'>Juven.</span> <span class='ocrx_word' id='word_1_285' title='bbox 1135 3580 1216 3636; x_wconf 88' lang='lat' dir='ltr'>satir.</span> <span class='ocrx_word' id='word_1_286' title='bbox 1237 3580 1404 3636; x_wconf 86' lang='lat' dir='ltr'>auctoribus</span> <span class='ocrx_word' id='word_1_287' title='bbox 1424 3598 1450 3652; x_wconf 88' lang='lat' dir='ltr'>p.</span> <span class='ocrx_word' id='word_1_288' title='bbox 1465 3583 1480 3636; x_wconf 87' lang='grc'><strong>9</strong></span> <span class='ocrx_word' id='word_1_289' title='bbox 1495 3580 1570 3635; x_wconf 82' lang='lat' dir='ltr'>Frib.</span> 
     </span>
     <span class='ocr_line' id='line_1_37' title="bbox 292 3652 1352 3790; baseline -0.003 -12"><span class='ocrx_word' id='word_1_290' title='bbox 292 3652 383 3720; x_wconf 35' lang='grc' dir='ltr'>ΒΜ·</span> <span class='ocrx_word' id='word_1_291' title='bbox 400 3654 617 3790; x_wconf 51' lang='grc' dir='ltr'>ὲῗῗ.)Ἠθίιιιθ,</span> <span class='ocrx_word' id='word_1_292' title='bbox 636 3723 672 3779; x_wconf 90' lang='lat' dir='ltr'>de</span> <span class='ocrx_word' id='word_1_293' title='bbox 693 3723 812 3779; x_wconf 87' lang='lat' dir='ltr'>Horatio</span> <span class='ocrx_word' id='word_1_294' title='bbox 832 3723 930 3779; x_wconf 90' lang='lat' dir='ltr'>Bionis</span> <span class='ocrx_word' id='word_1_295' title='bbox 949 3722 1104 3779; x_wconf 87' lang='lat' dir='ltr'>imitatore.</span> <span class='ocrx_word' id='word_1_296' title='bbox 1143 3721 1352 3778; x_wconf 84' lang='lat' dir='ltr'>Bonnae1889.</span> 
     </span>
    </p>
   </div>
   <div class='ocr_carea' id='block_1_4' title="bbox 293 3793 1573 3936">
    <p class='ocr_par' dir='ltr' id='par_1_8' title="bbox 293 3793 1573 3936">
     <span class='ocr_line' id='line_1_38' title="bbox 400 3793 1573 3863; baseline -0.001 -14"><span class='ocrx_word' id='word_1_297' title='bbox 400 3797 427 3862; x_wconf 78' lang='lat' dir='ltr'>l)</span> <span class='ocrx_word' id='word_1_298' title='bbox 448 3795 555 3862; x_wconf 88' lang='lat' dir='ltr'>Hense,</span> <span class='ocrx_word' id='word_1_299' title='bbox 585 3796 692 3851; x_wconf 86' lang='lat' dir='ltr'>Teletls</span> <span class='ocrx_word' id='word_1_300' title='bbox 724 3795 866 3863; x_wconf 82' lang='lat' dir='ltr'>reliquiae</span> <span class='ocrx_word' id='word_1_301' title='bbox 894 3793 980 3848; x_wconf 83' lang='lat' dir='ltr'>XLVI</span> <span class='ocrx_word' id='word_1_302' title='bbox 1008 3809 1050 3862; x_wconf 89' lang='lat' dir='ltr'>sq.</span> <span class='ocrx_word' id='word_1_303' title='bbox 1096 3793 1297 3861; x_wconf 83' lang='lat' dir='ltr'>Waclrsnrutlr‚</span> <span class='ocrx_word' id='word_1_304' title='bbox 1328 3793 1436 3863; x_wconf 82' lang='lat' dir='ltr'>sillogr.</span> <span class='ocrx_word' id='word_1_305' title='bbox 1470 3793 1573 3849; x_wconf 85' lang='lat' dir='ltr'>Graeci</span> 
     </span>
     <span class='ocr_line' id='line_1_39' title="bbox 293 3864 1359 3936; baseline -0.004 -14"><span class='ocrx_word' id='word_1_306' title='bbox 293 3883 320 3936; x_wconf 86' lang='lat' dir='ltr'>p.</span> <span class='ocrx_word' id='word_1_307' title='bbox 340 3869 374 3922; x_wconf 86' lang='grc'>73</span> <span class='ocrx_word' id='word_1_308' title='bbox 392 3881 435 3936; x_wconf 83' lang='lat' dir='ltr'>sq.</span> <span class='ocrx_word' id='word_1_309' title='bbox 474 3883 499 3922; x_wconf 88' lang='lat' dir='ltr'>v.</span> <span class='ocrx_word' id='word_1_310' title='bbox 520 3868 629 3934; x_wconf 79' lang='lat' dir='ltr'>Arnim,</span> <span class='ocrx_word' id='word_1_311' title='bbox 649 3865 839 3936; x_wconf 82' lang='lat' dir='ltr'>Pauly-Wiss.</span> <span class='ocrx_word' id='word_1_312' title='bbox 861 3865 981 3934; x_wconf 77' lang='grc'><strong>111483,</strong></span> <span class='ocrx_word' id='word_1_313' title='bbox 1003 3865 1108 3934; x_wconf 85' lang='lat' dir='ltr'>Hirnel,</span> <span class='ocrx_word' id='word_1_314' title='bbox 1127 3864 1153 3919; x_wconf 88' lang='lat' dir='ltr'>d.</span> <span class='ocrx_word' id='word_1_315' title='bbox 1174 3865 1248 3920; x_wconf 89' lang='lat' dir='ltr'>Dial.</span> <span class='ocrx_word' id='word_1_316' title='bbox 1270 3866 1278 3920; x_wconf 95' lang='lat' dir='ltr'>l</span> <span class='ocrx_word' id='word_1_317' title='bbox 1299 3868 1359 3921; x_wconf 82' lang='lat'>374.</span> 
     </span>
    </p>
   </div>
   <div class='ocr_carea' id='block_1_5' title="bbox 877 4189 1040 4196">
    <p class='ocr_par' dir='ltr' id='par_1_9' title="bbox 877 4189 1040 4196">
     <span class='ocr_line' id='line_1_40' title="bbox 877 4189 1040 4196; baseline 0.012 -3"><span class='ocrx_word' id='word_1_318' title='bbox 877 4189 906 4193; x_wconf 82' lang='grc'>--</span> <span class='ocrx_word' id='word_1_319' title='bbox 910 4189 1040 4196; x_wconf 69' lang='lat'><strong>———---</strong></span> 
     </span>
    </p>
   </div>
   <div class='ocr_carea' id='block_1_6' title="bbox 0 0 1778 5324">
    <p class='ocr_par' dir='ltr' id='par_1_10' title="bbox 0 0 1778 5324">
     <span class='ocr_line' id='line_1_41' title="bbox 0 0 1778 5324; baseline 0 0"><span class='ocrx_word' id='word_1_320' title='bbox 0 0 1778 5324; x_wconf 95' lang='lat' dir='ltr'> </span> 
     </span>
    </p>
   </div>
  </div>
 </body>
</html>
