3512 5324
846 279 1044 342 „20-

306 490 500 555 describunt.
548 490 589 554 cf,
607 511 655 575 ep.
677 492 749 555 114.
764 508 808 560 25·
855 489 989 572 Adspice
1014 490 1142 556 acclinas
1164 495 1292 556 nostras
1318 495 1350 556 et
1370 495 1604 557 concursantes.

305 579 390 646 inter
413 583 456 643 tot
478 580 565 663 tpnes
587 600 698 661 roanos
720 583 853 645 nostros.
879 580 944 664 (ep.
971 583 1021 643 78.
1036 580 1094 656 aa).
1141 581 1216 644 Juv.
1242 581 1272 644 3.
1287 598 1348 652 250.

489 703 621 770 Centum
644 701 803 787 conanae,
824 704 969 786 seqccttar
990 724 1052 768 sna
1074 725 1229 786 quemque
1252 704 1374 769 catina.

489 791 624 858 Corbulo
646 793 702 858 ain
723 793 820 874 ferret
842 796 886 857 tot
907 813 984 858 vasa
1008 794 1164 878 tnpcntc‘a
1189 798 1233 858 tot
1254 814 1303 858 res

490 882 653 965 incposc'tas
675 883 783 964 copiti,
808 902 887 964 qecoc
909 887 990 948 recto
1012 884 1123 948 uertice
1141 887 1254 964 portat

490 971 635 1036 servatas
658 971 774 1052 infelix
796 976 826 1036 et
846 992 944 1037 σαντα
966 971 1099 1037 uentilat
1122 972 1237 1055 tpnem.

414 1095 465 1159 De
500 1096 707 1160 affluentia
742 1097 913 1160 ciborum
946 1096 1363 1182 conquisitissimorum
1389 1094 1596 1159 Juvenalis

306 1183 495 1268 indignatur
521 1186 548 1248 1.
563 1205 597 1256 94
621 1183 677 1267 (cf.
702 1208 733 1271 p.
760 1186 831 1266 17);
868 1188 955 1265 5.11‚
984 1201 1034 1257 120
1058 1209 1103 1271 sq.
1134 1189 1211 1256 147
1236 1205 1283 1270 sq.
1329 1185 1422 1248 Idem
1449 1185 1595 1248 invenies

307 1275 393 1359 apud
418 1273 607 1356 Senecam1)
638 1283 670 1339 et
692 1275 864 1339 Philonem
887 1275 1056 1355 Iudaeum,
1090 1277 1144 1360 qui
1180 1297 1253 1341 oum
1285 1280 1394 1338 nostro
1419 1276 1536 1338 mirum
1560 1275 1595 1337 in

306 1364 438 1428 modum
455 1363 657 1449 conspirat.²)
692 1365 744 1428 Ad
756 1364 831 1428 Juv.
849 1371 898 1428 sat
916 1369 943 1428 1.
955 1381 989 1434 94
1004 1366 1087 1429 bene
1104 1367 1184 1428 haec
1202 1365 1376 1449 quadrant:
1393 1365 1449 1428 vit.
1463 1371 1545 1428 cont.
1563 1365 1593 1428 6.

309 1449 412 1516 Ἑπτὰ
446 1464 522 1537 γοῦν
555 1455 611 1518 καὶ
639 1453 767 1530 πλείους
802 1453 1037 1539 εἰσκομίζονται
1071 1454 1239 1538 τράπεζαι,
1274 1452 1408 1537 πλήρεις
1444 1454 1595 1516 ἁπάντων

307 1543 370 1606 ὅσα
393 1550 436 1626 γῆ
459 1564 493 1606 τε
517 1545 573 1606 καὶ
597 1542 747 1606 θάλαττα
770 1545 827 1605 καὶ
850 1545 987 1628 ποταμοὶ
1003 1545 1059 1606 uod
1077 1543 1140 1627 ἀὴρ
1159 1543 1319 1628 φέρουσιν,
1345 1542 1465 1626 ἔκλσγα
1489 1543 1595 1604 πάντα

308 1633 364 1694 καὶ
388 1633 546 1716 εὔσαρκα,
578 1632 751 1716 χερσαίων,
777 1633 927 1716 ἐνύδρων,
960 1632 1157 1716 ἀερσπὸρων,
1182 1635 1226 1695 ὢν
1251 1633 1374 1714 ἑκάστη
1404 1630 1595 1694 διαλλάσσει

307 1721 364 1784 καὶ
387 1730 455 1797 ταῖς
478 1731 703 1806 παρασκευαῖς
726 1723 782 1784 καὶ
805 1731 874 1798 ταῖς
896 1721 1177 1805 παραρτύσεσιν.3)
1226 1720 1381 1784 Conseras
1408 1721 1507 1784 velim
1536 1720 1596 1786 hos

307 1831 434 1874 versus:

332 1936 362 1999 5.
376 1953 419 2004 94.
467 1933 511 1998 nt
534 1934 600 1997 ian
624 1933 734 2016 defecit
756 1938 903 1999 nostram
925 1954 1023 2017 mare,
1048 1935 1125 1999 dnm
1145 1934 1227 2018 unta
1249 1933 1347 2000 saeott

469 2022 586 2087 retibus
609 2023 749 2088 assiduis
767 2025 900 2105 penitus
921 2028 1084 2089 scrutante
1106 2023 1233 2088 macello
1270 2023 1272 2030 '

467 2113 628 2194 montena,
652 2133 708 2178 nec
729 2112 876 2196 patimur
900 2112 1113 2198 Tyrrhenam
1135 2133 1263 2178 crescere
1282 2112 1408 2194 piscem.
1434 2118 1493 2176 eto.

311 2201 419 2270 11.14.
466 2200 596 2266 Interea
617 2205 732 2287 prestus
753 2202 903 2267 elementa
924 2223 982 2284 per
1006 2203 1116 2267 arsenio
1139 2204 1301 2284 qnonccnt
1324 2223 1390 2286 eqs.

415 2325 507 2390 idem
537 2326 605 2389 fere
635 2326 770 2412 praebet
806 2327 929 2391 Seneca
960 2350 1009 2412 ep.
1043 2328 1094 2392 89.
1110 2343 1158 2396 aa:
1201 2346 1338 2408 prterunt
1365 2325 1536 2410 profunda
1566 2330 1598 2390 et

310 2413 508 2480 insatiabilis
529 2415 608 2499 quta
629 2415 705 2482 hinc
726 2417 1016 2497 mariascrntotnr,
1043 2415 1422 2500 hiraeterrus.ep.95.14
1448 2415 1595 2497 lanaria,

309 2508 470 2568 terrarum
502 2505 663 2586 morisque
702 2506 869 2572 vastatrin.
915 2507 980 2570 Hic
1013 2527 1095 2570 unus
1128 2511 1176 2569 est
1204 2527 1244 2569 ex
1274 2505 1352 2568 loeis
1391 2506 1597 2590 popularium

308 2593 573 2679 philosophorum
597 2596 831 2678 communibus,
865 2597 920 2680 qui
950 2597 1090 2681 undique
1113 2596 1308 2679 vituperant,
1341 2595 1426 2678 quod
1449 2595 1598 2660 homines

309 2685 461 2748 vescendi
485 2707 583 2748 eausa
606 2691 715 2749 aerem
739 2691 771 2748 et
794 2687 904 2750 omnia
925 2687 1029 2749 marie
1052 2693 1218 2769 terrasque
1241 2681 1469 2769 perquirantst)

416 2773 484 2837 Neo
530 2779 638 2838 tamen
683 2773 886 2852 Juvenalem,
940 2776 1135 2859 ubicumque
1187 2774 1381 2858 elegantiam
1428 2774 1598 2858 epularum

309 2862 496 2945 insectetur,
532 2885 549 2926 e
575 2862 708 2927 Graecis
743 2870 799 2927 aut
830 2864 987 2928 Romanis
1022 2863 1221 2949 philosophis
1244 2863 1387 2948 pendere
1421 2863 1599 2926 verisimile

310 2957 369 3030 est,
406 2973 479 3016 cum
514 2953 616 3016 multa
649 2954 717 3037 ipse
741 2955 851 3018 videre
887 2958 919 3016 et
954 2954 1066 3018 audire
1100 2959 1218 3038 posset,
1258 2953 1360 3016 multa
1396 2973 1522 3016 sumere
1558 2973 1599 3015 ex

310 3037 479 3122 Horatio⁵)
505 3047 537 3104 et
559 3063 668 3105 rerum
692 3043 909 3127 scriptoribus
957 3043 1064 3106 Etiam
1089 3043 1269 3106 Varronem
1293 3043 1326 3105 in
1351 3047 1469 3121 satura,
1500 3062 1598 3126 quam

310 3132 384 3214 aspi
409 3131 595 3214 ἐδεσμάτων
629 3132 802 3216 inscripsit,
837 3133 1009 3218 peregrina
1045 3133 1189 3196 ciborum
1225 3153 1346 3216 genera
1381 3131 1527 3194 similiter
1560 3152 1598 3194 aa

311 3219 505 3284 Juvenaiem
528 3222 561 3284 in
586 3228 658 3285 satt.
691 3225 709 3284 5
735 3229 767 3285 et
794 3225 827 3284 ll
857 3222 1104 3306 reprehendisse
1128 3244 1145 3285 e
1168 3222 1239 3285 loeo
1264 3243 1283 3285 a
1307 3219 1412 3285 Gellio
1437 3220 1599 3304 exscripto

311 3308 537 3395 accepimus.⁶)
585 3311 648 3375 Sed
674 3311 789 3394 quibus
814 3333 853 3374 ex
881 3312 1024 3375 fontibus
1054 3312 1198 3375 hauserit
1229 3311 1386 3395 indagare
1427 3332 1500 3373 mea
1532 3331 1598 3373 non

311 3403 378 3461 tam
393 3401 528 3463 interest
543 3422 640 3484 quarn
658 3407 838 3465 monstrare
854 3407 998 3465 nostrum
1016 3402 1129 3466 eadem
1144 3422 1182 3465 ae
1201 3401 1409 3485 philosophos
1425 3400 1600 3485 populares

312 3488 478 3553 disserere.
508 3490 709 3575 Principales
722 3497 831 3554 autem
847 3491 952 3555 fontes
965 3512 1092 3576 semper
1105 3491 1190 3576 apud
1203 3488 1345 3554 Graecos
1359 3511 1395 3553 ac
1407 3490 1599 3573 plerumque

312 3579 399 3662 apud
416 3600 527 3643 eorum
542 3580 731 3664 philosphos
750 3581 925 3664 quaerendi
942 3588 1024 3644 sunt.
1073 3581 1163 3652 Quae
1179 3582 1212 3643 iu
1229 3579 1374 3642 dietribis
1392 3578 1599 3663 disputabant

312 3667 504 3754 philosophi,
527 3691 565 3732 ea
581 3669 702 3734 satirici
718 3670 858 3734 Romani
873 3671 1020 3734 versibus
1040 3670 1257 3734 includebant.
1305 3668 1412 3752 thue
1428 3667 1598 3733 Lueretius

312 3756 443 3842 Epicuri
468 3759 619 3842 dogmata
635 3761 761 3839 poetica
785 3761 929 3824 oratione
954 3761 1099 3842 docebat,
1123 3761 1169 3823 ita
1185 3757 1207 3822 J
1212 3758 1356 3822 uvenalis
1376 3757 1598 3843 philosophiae

421 3952 447 4018 1)
469 3953 503 4008 at.
525 3968 540 4008 e
563 3994 569 4008 .
591 3955 686 4008 1223.

420 4025 447 4091 2)
468 4023 519 4078 Ph.
540 3969 622 4080 dev.
643 4027 718 4081 cont.
739 4025 837 4080 11419
857 4024 893 4080 cf.
913 4024 979 4080 Juv.
1002 4028 1093 4079 luno
1112 4039 1154 4094 sq.

420 4095 448 4161 3)
469 4094 504 4150 of.
525 4095 590 4152 Seu.
610 4099 701 4165 95.27;
730 4096 764 4152 N.
785 4096 815 4163 Q.
837 4097 884 4152 IV.
911 4098 951 4151 13.
966 4115 987 4156 a.
1024 4095 1128 4152 Periot.
1158 4110 1204 4165 ap.
1224 4093 1303 4151 Stob.
1331 4097 1412 4151 8519
1431 4095 1470 4163 (p.
1492 4096 1550 4148 145.
1563 4093 1599 4159 19)

314 4168 400 4224 elem·
419 4166 709 4305 diedeuil'aiibiielv.
739 4243 800 4308 9.9;
832 4239 893 4295 loe
914 4251 961 4308 sq.
990 4239 1027 4294 de
1055 4254 1136 4308 prov.
1165 4241 1190 4294 3.
1205 4245 1226 4294 6.
1272 4237 1344 4292 Mus.
1373 4252 1418 4306 ap.
1449 4233 1489 4290 St.
1520 4238 1561 4295 18,
1572 4241 1600 4285 37

314 4310 360 4376 (H.
378 4327 406 4381 p.
426 4311 486 4366 528.
501 4311 525 4377 2)
539 4309 626 4365 Glem.
641 4311 724 4380 paed.
743 4311 791 4366 ΙΙΙ.
814 4314 847 4367 10
866 4310 915 4377 (cf.
929 4310 962 4365 11.
985 4309 1046 4376 115)
1066 4310 1101 4365 ef.
1121 4309 1292 4374 Wendland‚
1313 4310 1423 4376 quaest.
1437 4305 1509 4362 Mus.
1523 4323 1550 4376 p.
1564 4306 1599 4360 ‘26

313 4379 397 4438 Philo
417 4384 472 4437 eto.
491 4398 518 4450 p.
541 4385 573 4437 18
593 4397 634 4452 sq.
655 4381 735 4450 [Luc.
753 4382 854 4438 Phars.
874 4387 899 4438 4.
909 4388 949 4432 373
968 4397 1011 4451 sq.
1033 4380 1197 4451 10,1555q.]

420 4454 447 4520 5)
468 4454 504 4508 ct.
525 4453 592 4508 Hor.
611 4456 665 4508 sat.
685 4453 719 4508 ΙΙ.
739 4457 801 4508 215
820 4470 863 4524 sq.

419 4526 446 4592 6)
466 4525 538 4581 Gell.
557 4524 591 4580 N.
609 4527 668 4580 Att.
689 4524 735 4580 IV.
756 4528 797 4580 16.
