3508 5302
711 279 907 340 -51-

167 489 241 553 cias
262 508 364 553 caasa
380 485 622 570 parripcadaaa
641 508 708 552 csse
730 486 889 552 dicebant.
930 488 1011 566 (Oia.
1026 488 1081 552 fin.
1099 487 1158 552 III.
1176 486 1244 569 57.)
1268 524 1310 534 -
1335 486 1448 552 (licere

168 581 222 644 off.
248 579 272 643 I.
300 581 341 644 68
367 576 521 641 Cavenda
545 627 585 654 .,.
612 631 619 643 .
644 581 700 658 est,
725 579 830 664 inquit
854 575 978 658 pieriae
1003 573 1169 658 cupiditas
1195 628 1201 641 .
1228 627 1234 641 .
1261 626 1267 639 .
1293 594 1351 639 acc
1374 595 1448 638 acra

169 665 313 748 iacperia
337 665 521 748 eapcteada
544 675 605 731 eto.
652 668 779 753 Operae
802 669 940 754 pretium
965 675 1012 732 est
1036 668 1164 732 adicere
1185 667 1293 731 locum
1321 667 1359 728 ἐκ
1386 675 1448 729 τῶν

168 768 284 822 κοινῶν
306 751 544 842 Ἀριστοτέλους
568 757 735 843 διατριβῶν
747 757 786 838 lt:
811 756 852 820 Αἱ
872 757 1019 822 πλεῖσται
1043 758 1172 832 στάσεις
1196 756 1248 819 διὰ
1272 755 1448 840 φιλοτιμίαν

169 849 202 912 ἐν
223 859 292 924 ταῖς
315 846 446 911 πόλεσιν
466 845 635 930 γίγνονται·
664 849 737 931 περὶ
764 855 856 932 τιμῆς
883 849 946 930 γὰρ
973 898 978 909 ,
1006 896 1011 910 .
1039 898 1045 908 .
1070 846 1099 909 οἱ
1123 845 1337 909 δυνατώτατοι
1358 845 1447 928 διαμ-

167 933 401 1021 φισβητοῦσιῖ)
450 935 490 999 cf.
515 935 589 999 Jur.
615 957 645 999 v.
673 939 734 1000 142

356 1056 507 1138 patriam
531 1062 641 1121 tamea
665 1057 773 1123 abrait
797 1056 875 1123 alita
895 1059 898 1139 l
918 1056 1025 1140 pluria
1045 1056 1275 1140 paacarana.3)

275 1185 480 1264 Hannibalis,
496 1185 683 1264 Alexandri,
699 1183 817 1248 Xerxis
833 1186 987 1269 exemplis
1004 1185 1108 1248 allatis
1123 1189 1219 1269 poeta
1242 1183 1451 1260 demonstrat,

167 1280 309 1358 quantae
350 1273 504 1358 perniciei
536 1274 620 1338 bella
655 1274 939 1359 expeditionesque
971 1276 1042 1340 siut.
1099 1273 1190 1346 Quae
1218 1294 1258 1336 ex
1285 1273 1450 1336 rhetorum

169 1364 278 1428 schola
302 1371 430 1448 sumpta
454 1384 524 1427 esse
547 1369 660 1428 notum
683 1371 741 1428 est.
788 1365 963 1428 Attamen
990 1371 1090 1428 totam
1114 1369 1257 1427 saturam
1288 1362 1450 1425 declama-

167 1455 290 1517 tionem
317 1453 512 1516 rhetoricam
541 1454 700 1518 nominari
723 1473 817 1537 posse
841 1476 935 1539 nego,
963 1453 1152 1540 pracsertim
1180 1473 1254 1515 cum
1281 1451 1450 1523 ,Iuvenalis

168 1544 237 1626 ipse
261 1542 342 1606 tales
367 1563 471 1625 nugas
495 1578 536 1586 -
561 1549 596 1605 ut
619 1544 765 1608 omittam
782 1545 950 1628 septimam
975 1541 1151 1624 saturam4)
1175 1576 1219 1584 -
1242 1540 1276 1603 in
1296 1540 1356 1605 hoc
1380 1541 1449 1625 ipso

167 1633 312 1696 carmine
335 1631 449 1696 illudat
472 1653 502 1694 v.
534 1633 592 1696 166
606 1654 652 1717 sq.

512 1751 536 1816 Ι
556 1754 688 1819 demens
711 1759 743 1818 ct
764 1776 879 1820 saccae
901 1776 997 1820 carre
1016 1776 1080 1838 per
1103 1753 1215 1837 Aipeia,

471 1847 510 1907 at
528 1843 647 1925 pueris
666 1844 801 1926 placeas
825 1849 856 1909 et
879 1844 1072 1910 declamatio
1096 1843 1167 1924 fias.

167 1969 217 2033 Ex
241 1970 292 2034 his
315 1971 422 2034 verbis
446 1992 603 2056 apparere
631 1973 708 2035 mihi
733 1973 860 2037 videtur
886 1972 1080 2038 Juvenalem
1107 1973 1212 2057 ipsum
1242 1992 1305 2035 non
1334 1969 1448 2053 egisse,

168 2067 203 2123 ut
219 2067 427 2144 componeret
442 2061 624 2124 ostentandi
641 2083 738 2126 causa
759 2062 1027 2128 declamationem
1046 2062 1203 2126 inutilem.
1241 2059 1325 2123 Eum
1341 2067 1449 2126 tamen

167 2149 401 2213 consuetudine
441 2149 606 2214 rhetorum
645 2151 725 2215 haee
760 2155 908 2237 exempla
943 2152 1152 2238 congessisse,
1188 2155 1222 2214 ut
1257 2149 1449 2227 ostenderet,

167 2260 268 2322 quam
292 2260 480 2324 perversum
504 2246 589 2303 esset
611 2242 787 2323 potentiam
812 2243 1023 2326 gloriamque,
1047 2244 1180 2325 longum
1203 2240 1288 2303 vitae
1310 2239 1449 2322 spatium

167 2329 371 2412 formamque
400 2350 419 2392 a
447 2329 496 2392 dis
524 2331 650 2414 precari
678 2352 740 2394 non
770 2332 887 2396 mirum
917 2340 973 2396 est.
1025 2330 1192 2395 Eiusmodi
1223 2329 1309 2392 enim
1341 2349 1449 2391 exem-

167 2417 296 2501 plorum
319 2418 437 2482 multas
461 2418 700 2484 dissertationes
724 2421 961 2506 philosophicas
984 2422 1096 2505 plenas
1124 2441 1194 2484 esse
1222 2419 1287 2482 iam
1311 2417 1449 2481 vidimus

168 2513 200 2570 et
222 2506 403 2571 videbimus
437 2529 495 2571 nec
528 2529 608 2572 ous
641 2517 689 2572 est
712 2518 870 2594 repetere,
904 2520 1102 2596 quantopere
1135 2510 1259 2574 Seneca
1291 2507 1324 2570 id
1348 2527 1449 2591 genus

166 2596 297 2660 dicendi
320 2597 566 2680 commendet.)

259 2686 416 2750 Maximus
432 2688 652 2770 imperatores,
671 2688 726 2772 qui
743 2689 834 2752 bellis
850 2689 969 2754 famam
983 2689 1185 2773 gloriamque
1196 2685 1450 2771 impetraverint,

167 2775 360 2860 plerumque
393 2777 529 2841 adversa
557 2777 688 2841 fortuna
717 2779 774 2856 uti,
810 2779 896 2862 quod
930 2780 1038 2843 multis
1069 2779 1177 2842 verbis
1205 2781 1315 2841 noster
1346 2775 1448 2852 docet,

167 2863 261 2928 Plato
294 2886 421 2949 person.
455 2873 565 2930 mouet
599 2868 661 2930 142
694 2866 724 2931 A
756 2870 825 2932 ὅσοι
861 2868 1057 2953 στρατηγίας
1090 2864 1349 2951 ἐπιθυμήσαντες
1382 2864 1448 2947 ἤδη

166 2955 224 3015 aab
247 2954 395 3039 τυχόντες
428 2958 527 3038 αὐτῆς
550 2955 578 3018 οἱ
607 2957 663 3039 μὲν
688 2958 732 3020 ἔτι
755 2959 811 3020 καὶ
835 2968 888 3021 νῦν
913 2955 1086 3042 partiaci)
1114 2956 1215 3040 τῆσδε
1246 2962 1304 3036 τῆς
1326 2952 1450 3028 πόλεώς

168 3043 256 3119 εἰσιν,
271 3043 299 3106 ci
312 3044 347 3106 δὲ
360 3044 412 3107 τὸν
426 3043 492 3129 βίον
506 3045 719 3127 ἐτελεύτησαν
729 3046 798 3108 κτλ.
814 3046 854 3110 cf.
864 3045 969 3111 1420.
979 3046 1092 3110 -Res
1102 3043 1333 3110 abHannibale
1343 3048 1450 3126 gestas

166 3131 200 3194 in
223 3130 423 3214 Ciceronis7)
447 3141 479 3198 et
501 3133 643 3198 Senecae
667 3135 794 3219 scriptis
817 3136 993 3201 moralibus
1017 3136 1145 3221 saepius
1169 3141 1226 3199 aut
1247 3133 1374 3196 laudari
1395 3137 1450 3195 aut

277 3305 302 3377 1)
323 3311 377 3378 Ap.
396 3308 474 3365 Stob.
494 3311 570 3368 4321
590 3308 637 3377 (li.
657 3326 683 3380 p.
698 3312 761 3378 207)
782 3311 817 3366 ef.
837 3311 871 3366 ll.
890 3315 970 3371 31.ns
989 3311 1042 3380 (W.
1056 3329 1084 3382 p.
1099 3314 1157 3366 151.
1170 3311 1214 3377 n).

276 3382 303 3440 il
322 3380 358 3435 cf.
378 3379 453 3436 Plut.
474 3379 560 3436 Stolo.
580 3397 640 3450 rep.
660 3383 739 3436 33.1.

275 3451 303 3516 3)
323 3468 350 3507 ν.
373 3456 422 3508 140
441 3451 594 3508 iuvenalis
612 3467 699 3520 aegre
712 3453 777 3521 fert,
798 3454 876 3523 quod
893 3456 980 3509 maior
995 3456 1087 3524 faniae
1104 3455 1163 3509 sitia
1179 3457 1219 3508 ea
1234 3469 1314 3521 quant
1331 3451 1449 3504 virtutis

167 3521 315 3577 Virtutem
336 3522 436 3579 (licero
460 3539 576 3593 quoque
596 3523 706 3592 gloriae
732 3526 851 3594 opponit
870 3540 929 3596 rep.
951 3525 996 3581 Vl.
1016 3528 1063 3593 25;
1088 3524 1190 3581 scribit
1213 3523 1290 3579 enim
1315 3521 1449 3578 homines

167 3592 317 3648 illecebris
330 3594 423 3663 ipsius
434 3596 555 3650 virtutis
565 3595 644 3651 trahi
653 3595 692 3650 ad
702 3611 804 3651 verum
815 3596 905 3652 decus
919 3601 1052 3666 oportere
1057 3617 1064 3665 ;
1077 3597 1141 3666 qaid
1153 3596 1185 3650 dc
1196 3602 1221 3650 te
1234 3595 1284 3649 alii
1295 3594 1449 3662 aqualata,

167 3663 274 3734 inquit,
292 3665 345 3734 ipsi
362 3666 474 3721 adeant
490 3668 544 3722 etc.
652 3668 681 3732 4)
703 3683 748 3721 vv.
770 3670 868 3737 150sq.
889 3669 938 3735 (cf.
961 3668 1087 3739 l.16sq.).

275 3738 302 3792 51
322 3736 358 3792 of.
377 3754 404 3807 p.
418 3741 442 3792 8.
475 3737 576 3807 Neque
593 3753 693 3794 omnes
712 3739 801 3795 Stoici
819 3740 981 3796 orationem
994 3740 1155 3795 luminibus
1174 3736 1327 3797 rhetoricis
1346 3749 1449 3791 ornare

167 3806 314 3862 nolebant.
341 3807 531 3865 Posidonium
545 3810 664 3879 quidem
677 3810 714 3865 de
727 3811 881 3867 consulatu
894 3827 947 3868 suo
966 3811 1208 3869 commentarium
1225 3808 1348 3863 acatius
1360 3807 1449 3876 scrip-

167 3881 266 3933 turum
287 3894 351 3935 esse
371 3880 470 3936 Cicero
490 3881 627 3950 sperabat
647 3881 685 3936 ad
703 3884 761 3937 Att.
782 3882 815 3937 ll.
838 3888 848 3938 1
871 3882 918 3950 (cf.
939 3883 1033 3939 Strab.
1052 3900 1079 3952 p.
1103 3883 1170 3948 147).
1209 3879 1289 3936 lclem
1313 3879 1343 3934 in
1367 3892 1449 3948 prae-

167 3949 279 4005 fatione
298 3951 513 4021 paradoxorum
537 3952 676 4008 Catonern
694 3959 914 4010 commemorat:
934 3957 950 4010 3
971 3996 976 4007 .
997 3994 1003 4007 .
1023 3995 1029 4008 .
1050 3955 1114 4009 Octo
1126 3953 1200 4008 caia
1218 3952 1250 4006 de
1262 3949 1450 4018 mapaitadiae

167 4022 262 4086 aaimi,
281 4023 312 4077 dc
330 4023 502 4086 metuentia,
526 4025 558 4078 de
576 4028 669 4091 morte,
693 4025 723 4080 dc
741 4028 817 4080 anai
838 4027 918 4081 laada
935 4027 1054 4088 atraciis,
1078 4026 1110 4079 de
1133 4024 1174 4079 dis
1196 4021 1400 4089 iramortalibac,
1419 4021 1450 4074 dc

167 4093 281 4148 caritate
305 4095 412 4163 patriae
435 4096 519 4150 Stoice
544 4097 607 4150 solet
634 4097 761 4151 oratoriis
786 4099 954 4152 amaricatis
979 4097 1106 4151 adhibitis
1132 4095 1226 4158 dicere,
1257 4111 1301 4163 epo
1329 4091 1376 4146 tibi
1402 4090 1450 4145 tia

168 4163 227 4230 ipsa
247 4206 253 4217 .
273 4207 280 4219 .
301 4207 308 4220 .
326 4166 420 4221 lacteas
436 4166 535 4221 caraci
552 4167 583 4221 ia
602 4184 789 4223 catanance
806 4169 879 4224 lacae.
915 4168 1067 4224 Paradoxa
1089 4168 1190 4236 itaque
1210 4164 1357 4222 Ciceronis
1380 4166 1450 4217 sunt

168 4234 248 4290 clara
258 4237 420 4304 specimina
430 4237 518 4292 huius
531 4238 734 4307 philosophiae
747 4240 897 4308 popularis
911 4255 977 4295 cum
991 4239 1159 4308 eloquentia
1169 4238 1349 4302 coniunctae,
1361 4237 1448 4303 quam

169 4305 304 4446 σοΙυυαιέξ
328 4307 438 4434 Sfeneca
462 4308 571 4378 aliique
597 4312 685 4378 atque
709 4311 798 4365 etiam
821 4311 981 4366 iuvenalis.
1002 4310 1103 4379 (Kroll,
1122 4310 1177 4366 Rh.
1195 4309 1230 4364 ii.
1251 4306 1346 4362 LVlll.
1360 4304 1449 4370 581¹).

323 4395 358 4435 c.
378 4396 406 4434 v.
428 4383 486 4435 160.

274 4451 369 4517 ltfin.
401 4455 463 4506 422
494 4452 543 4517 (cf.
571 4453 640 4507 Juv.
670 4469 695 4505 v.
722 4454 794 4520 155);
830 4453 902 4508 Lael.
933 4456 979 4519 ‘283
1012 4453 1061 4509 oli.
1093 4459 1163 4519 l.38;
1192 4453 1252 4508 div,
1283 4453 1356 4514 l.48;
1388 4450 1450 4502 252

169 4521 204 4575 ci.
226 4521 279 4578 Dio
299 4521 364 4578 Chr.
384 4521 497 4577 Xlll'.i
517 4540 543 4592 p.
564 4526 628 4589 3133
651 4523 781 4578 l.XlV.24
800 4541 827 4594 p.
845 4524 905 4578 213.
943 4525 1021 4590 (huc.
1041 4525 1110 4580 dial.
1132 4529 1216 4580 mort.
1237 4524 1289 4585 12).

1304 4631 1341 4685 4,
