3512 5324
701 320 902 383 -45..

156 535 314 598 honorem
339 533 538 597 afferendum
565 552 650 612 esse3
678 537 713 595 ut
737 537 844 595 autem
868 531 1002 596 ancillas
1025 538 1057 595 et
1081 531 1243 596 ministros
1266 533 1374 597 divitis
1397 533 1446 597 fe-

158 625 268 688 minae
284 629 497 700 enumeraret,
522 622 674 685 Juvenali
698 621 840 685 Senecae
862 620 981 685 librum
1006 621 1095 685 adire
1120 643 1183 686 non
1208 641 1288 706 opus
1312 623 1382 686 fuit.
1400 657 1444 668 -

157 713 265 778 Valde
280 713 434 776 differunt
448 711 468 774 J
472 733 523 776 uv.
540 733 591 774 vv.
610 712 674 775 594
691 732 736 794 sq.
755 717 787 773 et
803 710 877 774 Seu.
895 710 934 774 fr.
949 711 1007 775 85:
1023 712 1109 774 viros
1126 711 1294 776 luvenalis
1310 712 1445 777 minime

158 802 346 887 vituperare
369 803 446 879 vult,
472 801 557 886 quod
581 821 698 864 uxores
720 806 848 886 partum
877 801 1008 884 abigere
1033 806 1150 885 cogant
1178 809 1234 865 aut
1256 802 1318 887 ipsi
1343 801 1443 865 fetum

157 892 305 976 perdant.
353 891 397 954 At
424 890 501 954 licet
535 911 721 968 consensus,
751 889 806 974 qui
836 890 1006 954 intercedit
1033 888 1186 954 Juvenali
1217 912 1291 954 cum
1321 891 1448 954 Seneca

158 982 212 1045 rel
241 981 477 1065 Theophrasto,
511 1000 574 1044 uon
608 979 748 1043 sufficiat
779 978 821 1042 ad
852 980 949 1064 plane
981 979 1267 1044 demonstrandum
1299 988 1444 1044 uestrum

160 1092 220 1134 sua
254 1093 293 1135 ex
328 1070 413 1133 illius
448 1069 556 1133 libello
591 1068 838 1155 deprompsisse,
869 1075 977 1133 tamen
1010 1069 1096 1133 hunc
1124 1070 1244 1134 librum
1271 1071 1302 1134 ei
1331 1075 1445 1134 notum

160 1160 260 1224 fuisse
291 1180 355 1223 uon
389 1158 458 1222 veri
489 1158 644 1222 dissimile
677 1165 735 1222 est.
786 1157 905 1222 Verum
937 1159 1116 1223 cavendum
1146 1165 1203 1239 est,
1237 1180 1279 1223 ne
1312 1159 1351 1222 de
1380 1180 1448 1222 uuo

161 1257 294 1314 auctore
323 1249 516 1332 cogitemus3
551 1247 637 1311 haud
665 1250 741 1328 scio,
774 1268 817 1312 an
844 1247 940 1312 liceat
966 1247 1036 1311 iure
1060 1248 1207 1312 conicere
1238 1249 1335 1313 etiam
1366 1270 1445 1313 nou-

162 1340 252 1404 nulla
275 1360 314 1402 ex
337 1337 477 1401 Musouii
500 1337 567 1401 diat
569 1337 646 1401 ribis
668 1336 825 1490 prodisse
855 1359 929 1401 cum
953 1343 1063 1401 satura
1086 1337 1255 1402 Juvenalis
1283 1359 1347 1402 non
1371 1359 1445 1402 raro

163 1431 262 1514 spiret
285 1435 412 1491 sentent
414 1427 460 1490 ias
477 1425 633 1491 Clement
612 1434 653 1492 trs
673 1435 706 1491 et
724 1427 825 1511 ipsius
841 1426 990 1508 Musonii,
1015 1448 1110 1511 quem
1131 1428 1235 1491 illem
1255 1428 1448 1513 paedagogo

164 1525 327 1584 auctorem
361 1522 490 1580 secutus
522 1522 579 1580 est.
590 1515 613 1598 1)
659 1516 690 1579 A
717 1516 916 1602 philosophis
947 1522 1054 1580 autem
1068 1517 1243 1667 tplerisque
1271 1525 1381 1581 noster
1408 1538 1450 1580 ee

163 1609 280 1689 differt,
309 1606 435 1690 quod'
427 1627 496 1691 ipse
520 1606 609 1669 nulla
639 1605 695 1669 dat
718 1605 901 1690 coniugalia
928 1611 1168 1690 praecepa-
1194 1607 1227 1670 id
1256 1607 1341 1690 quod
1370 1606 1449 1670 facit

163 1694 374 1778 Musonius2),
401 1701 435 1759 ut
457 1716 516 1779 pro
540 1695 650 1759 multis
674 1694 807 1759 afferam
832 1717 931 1758 uuum
955 1695 1138 1779 exemplum
1155 1731 1207 1776 —,
1229 1717 1313 1781 quae
1334 1717 1447 1781 supar-

164 1807 307 1850 vacanea
331 1787 360 1849 ei
383 1785 543 1866 videntur,
568 1785 623 1869 qui
644 1787 677 1848 in
695 1806 812 1869 aquam
829 1785 1041 1870 praecipitare
1058 1785 1181 1848 mavult
1201 1806 1297 1869 quam
1315 1806 1449 1849 uxorem

164 1873 324 1951 ducere3)
369 1875 502 1938 Accedit
526 1874 611 1958 quod
635 1875 821 1939 dulcedines
846 1872 1076 1955 matriacum)
1105 1875 1277 1938 decantare
1306 1896 1371 1938 non
1400 1881 1449 1939 cst

163 1973 281 2052 poetae
305 1965 435 2028 satirici.
460 1964 584 2028 -Sed
609 1985 693 2028 uuuc
718 1985 790 2028 mea
815 1965 920 2028 minus
943 1965 1077 2028 interest
1093 1985 1216 2043 eruere,
1242 1986 1322 2048 quos
1342 1964 1448 2029 fontes

164 2063 274 2120 noster
308 2053 501 2134 adhibuerit,
537 2074 634 2137 quam
667 2053 699 2117 id
729 2057 873 2118 statuere
901 2075 974 2118 eum
1003 2054 1055 2117 hie
1088 2075 1216 2138 quoque
1245 2075 1316 2117 cum
1345 2075 1452 2140 popu-

164 2145 287 2209 laribus
311 2143 510 2228 philosophis
534 2145 725 2222 consentire,
750 2144 805 2228 qui
829 2144 979 2227 aperiunt
1002 2143 1197 2207 feminarum
1221 2143 1387 2207 nralitiam.

277 2251 321 2314 At
347 2255 482 2334 quaerat
503 2251 675 2336 quispiam,
692 2273 734 2315 au
749 2249 917 2314 Juvenalis
942 2250 994 2314 hic
1019 2251 1194 2335 pendeata
1216 2248 1453 2331 rhetoribusi⁵l

164 2343 370 2424 Quamquam
395 2341 496 2404 oratio
520 2341 617 2403 etiam
653 2342 686 2404 in
709 2341 769 2404 hac
794 2347 903 2404 satura
937 2340 1050 2423 figuris
1073 2341 1221 2424 splendet
1246 2362 1285 2404 ac
1307 2345 1452 2424 praestat

164 2452 286 2515 magua
309 2429 511 2509 efficacitate,
536 2440 644 2493 tamen
667 2430 727 2493 hoo
752 2450 882 2494 carmen
907 2429 1175 2494 declamationem
1196 2432 1369 2494 oratoriam
1386 2451 1450 2494 nou

166 2543 238 2585 esse
262 2519 330 2582 sola
352 2541 392 2582 ex
415 2519 623 2604 dispositione
646 2519 790 2603 intellegi
813 2525 926 2603 potest.
974 2518 1065 2590 Quae
1081 2525 1147 2582 tam
1167 2520 1282 2584 vitiosa
1305 2517 1392 2597 est,⁶)
1416 2523 1452 2582 ut

166 2611 298 2675 credere
323 2629 478 2692 cogamur
501 2629 575 2672 eum
598 2608 638 2672 de
661 2608 821 2672 industria
843 2606 915 2672 illas
931 2608 1078 2672 licentias
1099 2607 1305 2688 admisissefl)
1352 2608 1452 2687 Nihil,

166 2703 193 2765 si
216 2699 381 2778 voluisset,
406 2699 436 2761 ei
459 2698 585 2762 facilius
619 2697 732 2762 fuisset
755 2719 852 2783 quam
877 2698 1004 2782 singula
1028 2698 1234 2762 cohaerentia
1257 2719 1314 2762 suo
1339 2698 1454 2762 ordine

167 2809 371 2873 componere.
398 2787 461 2851 Sed
477 2787 703 2852 difficillimum
721 2788 799 2851 mihi
816 2787 943 2852 videtur
959 2794 1046 2851 certo
1058 2788 1239 2870 enucleare,
1256 2795 1457 2873 quapropter

166 2885 258 2944 tauta
282 2878 480 2961 negligentia
502 2878 535 2940 in
559 2878 758 2960 argumentis
782 2879 1012 2961 componendis
1042 2899 1119 2941 usus
1142 2878 1192 2941 sit.
1239 2878 1287 2941 Ac
1311 2878 1452 2962 primum

167 2968 412 3033 deliberandum
448 2972 497 3030 est
530 2966 722 3030 Juvenalem
757 2988 821 3030 uon
857 2989 930 3031 eum
965 2967 1074 3048 fuisse,
1110 2968 1165 3051 qui
1199 2973 1288 3031 tanto
1323 2967 1456 3051 ingenio

167 3065 322 3142 tantaque
339 3063 408 3120 arte
424 3056 604 3138 excelleret,
621 3067 657 3120 ut
672 3056 830 3120 eiusmodi
846 3058 924 3121 vitia
938 3057 1075 3141 fugeret.
1104 3055 1231 3121 Deinde
1248 3057 1457 3122 considerare

167 3149 324 3212 debemus
342 3145 487 3210 satiricos
503 3167 684 3210 sermonem
700 3147 867 3230 vulgarem
883 3147 1013 3227 imitari,
1038 3148 1071 3210 in
1095 3168 1158 3230 quo
1179 3147 1219 3211 de
1235 3147 1333 3211 variis
1356 3146 1457 3210 rebus

167 3240 224 3317 ita,
241 3242 276 3300 ut
292 3235 529 3321 disputantibus
546 3237 673 3319 singula
688 3237 822 3299 veniunt
845 3237 877 3299 in
896 3243 1049 3317 mentem,
1073 3237 1189 3320 agitur.
1236 3236 1304 3300 Nec
1319 3236 1454 3299 dubium

168 3335 228 3406 est,
261 3327 338 3410 quin
374 3327 453 3388 haec
490 3326 686 3389 consuetudo
716 3347 733 3388 e
763 3325 1026 3410 philosophorum
1062 3323 1238 3407 diatribis8)
1270 3327 1303 3388 iu
1328 3332 1455 3389 saturas

168 3418 335 3482 Romanas
364 3415 537 3498 irrepserit.
586 3413 668 3478 Cum
692 3421 799 3478 autem
823 3415 991 3478 luvenalis
1015 3416 1135 3480 similes
1159 3414 1334 3480 sententias
1357 3420 1459 3498 atque

168 3507 215 3570 illi
241 3505 392 3590 proferat,
429 3525 504 3567 eum
538 3504 635 3568 etiam
668 3504 701 3567 in
725 3504 785 3567 hac
809 3525 844 3567 re
868 3505 1025 3568 rationem
1050 3527 1161 3569 eorum
1199 3505 1359 3567 imitatum
1383 3525 1456 3566 esse

170 3617 235 3661 nou
252 3596 412 3658 immerito
430 3594 638 3678 suspicamur.
673 3594 717 3657 At
731 3593 919 3676 priusquam
935 3595 1019 3658 hauc
1036 3596 1256 3679 quaestionem
1269 3593 1460 3678 diligentius

170 3687 356 3764 subeamus,
380 3682 421 3746 ad
444 3684 608 3767 inceptum
631 3683 749 3746 reverti
773 3690 907 3768 oportet.

621 3930 765 3999 2.t)ap
733 3929 811 3986 Stob.
832 3934 893 3986 6.23
913 3930 958 3998 (ll.
978 3947 1005 4000 p.
1026 3929 1098 3995 286).
1206 3930 1237 3996 3)
1258 3945 1284 3983 v.
1305 3931 1347 3986 32.

350 3945 653 4071 l.Praecl1ler,Hier
673 4019 700 4072 p.
720 4005 762 4057 78.

279 4217 306 4280 7)
327 4161 495 4272 Contraria
507 4160 583 4271 epuim
612 4218 657 4271 est
649 4161 847 4281 unintiliani
873 4215 1049 4285 praeceptis:
1088 4214 1146 4270 Vll.
1166 4229 1308 4285 prooem.;
1339 4229 1401 4284 cap.
1422 4216 1461 4268 le

172 4285 209 4354 §§
229 4287 371 4357 5sqq—
391 4287 406 4353 5
429 4291 460 4342 16
479 4288 570 4356 Neque
597 4287 671 4341 caim
692 4290 819 4356 partium
837 4291 877 4341 eat
902 4287 1008 4341 demam
1038 4287 1180 4355 deposta,
1207 4287 1253 4341 ced
1270 4287 1302 4341 iu
1328 4286 1369 4339 liic
1390 4285 1463 4353 ipsia-

169 4357 279 4427 prtinus
296 4359 393 4427 aliquis
410 4375 501 4413 aeacus
519 4362 546 4412 et
561 4359 690 4412 secandus
708 4362 735 4411 ct
756 4360 863 4412 tertias:
884 4359 930 4426 qai
951 4375 1006 4413 aon
1018 4359 1093 4412 modo
1105 4358 1307 4413 ctaatordiae
1323 4357 1457 4424 coamenti,

171 4429 347 4483 hboraadam
359 4433 405 4494 eet,
423 4430 467 4484 ced
479 4437 509 4483 at
521 4430 590 4483 inter
602 4446 629 4483 ce
641 4429 726 4484 cincti
737 4433 814 4498 atquc
825 4430 865 4484 ito
876 4429 1052 4497 cohaerentes,
1071 4447 1105 4484 ne
1122 4429 1297 4484 commissura
1305 4429 1454 4494 perluceat:

170 4516 268 4568 corpas
284 4502 328 4567 rit,
346 4518 400 4554 aon
418 4501 543 4554 membru.
582 4515 642 4570 eqo.

282 4573 310 4638 8)
331 4571 454 4640 Respice
482 4586 598 4641 quaeso,
628 4571 698 4641 quid
718 4570 827 4627 Seneca
855 4571 892 4627 de
911 4570 980 4626 stilo
999 4571 1189 4641 epistolarum
1208 4570 1332 4624 disserat
1351 4584 1394 4640 ep.
1414 4571 1463 4625 75.
