3512 5324
687 315 886 376 ..19...

139 545 162 589 o
173 545 272 605 coquo
283 523 412 606 eneot,¹)
425 544 488 606 quin
501 523 653 589 celeritate
665 525 761 610 sipno
772 525 846 589 doto
855 525 961 608 plolri
972 527 1015 591 od
1030 527 1213 592 ministerio
1229 527 1425 610 discurrunt,

138 616 268 696 quanto
292 617 361 678 orte
382 614 576 679 scindantur
599 633 669 678 noes
702 614 738 678 in
760 613 866 694 frusto
899 634 968 679 non
990 616 1136 681 enormia
1165 638 1229 699 eqs.
1255 638 1304 701 op.
1329 619 1423 686 niu:

140 701 276 783 Infelin,
296 703 353 784 qni
368 703 443 768 liuic
458 701 519 767 nini
535 702 583 766 rei
598 703 685 786 vicit,
702 707 738 766 nt
752 702 857 767 oltilio
874 703 1017 769 decentor
1031 709 1105 770 secet
1120 712 1179 768 etc.
1189 705 1215 780 2)
1265 727 1313 789 ep.
1328 707 1380 770 95.
1390 721 1424 774 23

139 790 263 873 Coquos
286 813 434 857 numero.
482 789 587 856 Cessat
609 812 700 857 omne
727 793 869 856 studium
888 797 918 856 et
940 793 1086 858 liberalia
1106 793 1242 875 professi
1267 795 1336 859 sine
1359 793 1425 859 nllo

136 880 323 962 frequentia
339 880 466 946 desertis
481 880 611 963 coepistis
629 881 823 962 praesident.
870 880 915 946 In
930 882 1093 947 rhetorum
1110 903 1145 947 oc
1164 881 1424 964 philosophorum

136 970 253 1035 scholis
276 970 414 1036 solitudo
435 973 488 1036 est.
536 970 576 1034 cf,
601 970 675 1033 Juv.
701 973 811 1038 7.184:

357 1095 612 1176 Quantionnique
634 1095 754 1176 domus,
779 1094 880 1158 ueniet
902 1094 959 1176 qui
979 1095 1101 1176 fercula
1126 1097 1208 1161 olocte

355 1187 531 1267 componat,
556 1183 656 1248 veniet
679 1183 735 1264 orii
753 1183 975 1264 piilnientonio
998 1186 1114 1251 condit.

356 1272 426 1337 Hos
448 1273 533 1337 inter
554 1277 698 1354 sumpius
719 1273 859 1337 sestertio
882 1273 1099 1352 Quintiliane,

356 1367 393 1426 nt
414 1361 561 1442 inultum,
586 1362 650 1425 duo
671 1360 872 1442 sufficient-3)

246 1486 372 1549 Pueros
387 1487 453 1550 iam
470 1493 501 1550 et
516 1486 773 1550 adulescentulos
792 1508 892 1570 pravo
911 1495 1082 1572 parentum
1098 1489 1245 1572 exemplo
1258 1494 1425 1572 corruptos

138 1575 272 1639 easdem
310 1582 396 1638 artes
442 1576 554 1638 mirari
600 1576 724 1639 discere
767 1576 913 1640 similiter
950 1599 986 1640 ac
1026 1577 1194 1640 luvenalis
1232 1576 1425 1640 Plutarchus

138 1671 331 1748 personatus
344 1665 551 1748 conqueritur
563 1665 612 1728 ed.
626 1686 715 1748 puer.
734 1686 802 1748 cap.
822 1667 839 1725 7
853 1667 929 1728 ὅταν
944 1669 1006 1750 γὰρ
1021 1667 1064 1742 εἰς
1081 1667 1200 1750 ἄνδρας
1214 1667 1425 1750 ἐγγραφέντες

136 1765 193 1817 τοῦ
224 1755 281 1838 μὲν
305 1753 498 1837 ὑγιαίνοντος
521 1756 577 1816 καὶ
600 1755 793 1838 τεταγμένου
821 1755 888 1839 βίου
919 1754 1191 1839 καταμελήσωσιν
1214 1807 1219 1818 .
1243 1807 1249 1817 .
1274 1807 1279 1817 .
1304 1806 1309 1818 .
1336 1755 1364 1818 οἱ
1388 1755 1424 1817 δὲ

137 1844 432 1926 κατοψοφαγοῦσιν.
481 1843 522 1906 cf.
555 1843 635 1906 Mus.
671 1865 720 1927 ep.
756 1844 797 1906 ad
832 1844 947 1907 Pancr.
973 1847 992 1908 4
1019 1893 1025 1905 .
1052 1894 1058 1906 .
1086 1895 1092 1907 .
1119 1894 1126 1907 .
1152 1846 1269 1927 ἀρετῆς
1303 1845 1339 1906 δὲ
1368 1845 1424 1906 nol

137 1933 388 2016 εὐσχημοσύνης
426 1931 493 2016 βίου
538 1933 792 2016 ἀντιποιούμενος
831 1935 890 1995 οὐκ
926 1935 965 1995 ἂν
1004 1931 1197 2015 ἐθελήσειας
1235 1934 1313 2016 ὁρᾶν
1352 1935 1424 2008 τοὺς

139 2031 277 2084 σεαυτοῦ
312 2021 432 2096 παῖδας
466 2022 638 2096 εὐτάκτους
674 2023 730 2105 μὲν
765 2023 798 2084 ἐν
835 2022 969 2098 ἐδωδαῖς
1008 2024 1064 2084 nal
1108 2022 1223 2086 πόσεσι
1253 2045 1282 2084 n.
1308 2044 1333 2085 τ.
1358 2019 1421 2101 ist)

135 2109 210 2173 Juv.
239 2110 340 2180 1410
758 2125 766 2137 ·

600 2220 670 2264 crim
692 2200 842 2280 septimus
864 2219 975 2264 annus

366 2287 534 2352 transierit
550 2309 701 2370 prinnini,
725 2289 872 2354 nondum
896 2289 985 2353 onini
1007 2288 1098 2352 dente
1121 2292 1234 2353 reiioto

366 2514 606 2529 ........
631 2470 733 2547 οιιμιόί
756 2466 844 2530 latito
866 2487 979 2530 oenone
1001 2471 1121 2546 ploratu

363 2576 482 2636 semper
504 2559 532 2618 et
555 2576 575 2619 α
599 2575 717 2639 nopno
741 2576 808 2620 non
832 2556 1020 2639 depenerore
1042 2555 1163 2620 culino.

243 2680 356 2744 Prima
379 2681 413 2743 in
436 2686 546 2744 satura
569 2681 602 2743 in
627 2702 681 2744 eos
705 2681 877 2758 invehitur,
912 2681 966 2764 qui
1000 2679 1079 2743 nihil
1112 2680 1223 2744 amicis
1252 2700 1316 2743 non
1339 2679 1421 2742 invi-

137 2771 249 2834 dentes
274 2775 397 2834 secreto
422 2769 633 2854 obliguriuut:
662 2773 746 2840 l.93.

505 2943 649 2956 .....
675 2891 756 2970 Quis
777 2892 899 2973 ferculo
922 2896 1036 2974 septeno
1105 2953 1108 2960 .

502 2987 613 3048 secreto
635 2984 765 3048 cenooit
786 2980 887 3046 oviis?

137 3109 176 3172 cf.
204 3109 300 3178 l.136
324 3129 371 3192 sq.
418 3107 512 3172 Hanc
538 3108 802 3172 consuetudinem
833 3107 930 3169 etiam
955 3107 1113 3191 Epicurus
1143 3107 1305 3192 vituperat
1336 3106 1421 3191 apud

138 3199 297 3261 Senecam
321 3219 370 3281 ep.
399 3199 449 3261 19.
464 3215 514 3267 10:
562 3193 658 3274 Ante,
676 3194 786 3275 iniquit
803 3195 905 3280 (Ep),
923 3193 1255 3277 eii·ouiiispicieiodnin
1272 3197 1328 3274 est,
1346 3213 1421 3256 enno

135 3284 256 3365 quibus
284 3284 363 3348 edos
391 3288 422 3346 et
451 3283 550 3348 bibus.
598 3283 688 3346 Νιιιιι
720 3283 792 3347 sine
821 3281 925 3346 norico
949 3282 1121 3347 uisceratio
1151 3282 1254 3347 leonis
1282 3303 1320 3346 uc
1350 3281 1421 3366 lupi

135 3374 203 3438 nito
234 3377 291 3436 est.
339 3376 379 3439 cf.
405 3374 483 3438 Luc.
514 3396 563 3458 ep.
590 3375 656 3438 Sat.
682 3376 733 3438 34.
781 3375 847 3438 Nec
877 3377 982 3437 minus
1007 3396 1062 3438 eos
1087 3376 1238 3455 exagitat,
1268 3375 1322 3457 qui
1347 3395 1421 3437 cum

136 3473 289 3530 centum
328 3466 501 3529 convivis
547 3465 710 3528 luxuriose
760 3461 976 3549 epulantur.⁵)
1039 3463 1214 3528 Centesimi
1252 3463 1420 3526 cuiusdam

134 3555 292 3618 convivae
326 3556 423 3618 etiam
453 3555 577 3618 Seneca
610 3576 674 3618 non
709 3554 777 3617 siue
809 3554 1031 3637 indignatione
1066 3555 1260 3617 mentionem
1296 3551 1420 3632 inicitss)

135 3653 233 3728 atque
257 3644 321 3708 alio
350 3643 454 3722 10007)
479 3643 590 3707 laudat
624 3665 760 3728 parrum
792 3645 968 3706 amicorum
1001 3643 1042 3706 ad
1075 3664 1188 3706 cenam
1220 3642 1420 3706 venientium

134 3755 316 3798 numerum.
363 3733 456 3797 Idem
480 3733 594 3797 suadet
619 3733 813 3796 Plutarchus
841 3739 963 3816 quaest.
1012 3753 1102 3795 cour.
1138 3731 1176 3794 V.
1212 3733 1240 3794 5.
1256 3738 1307 3806 29.
1319 3730 1343 3810 8)
1378 3766 1419 3774 —

134 3823 327 3887 Tumultum
350 3830 459 3887 autem
489 3823 602 3886 talium
626 3823 795 3907 epularum
817 3821 986 3885 luvenalis
1020 3843 1057 3885 ac
1083 3821 1206 3884 Seneca
1229 3820 1300 3905 pari
1324 3821 1419 3884 modo

244 3999 270 4062 ll
290 4002 379 4059 5-116·

241 4073 269 4137 2)
290 4071 325 4126 ci.
346 4071 410 4126 Seu.
431 4085 473 4140 ep.
505 4073 608 4138 llaec,
641 4071 700 4124 122.
712 4086 744 4128 u.
765 4068 801 4124 de
821 4069 872 4123 vit.
892 4068 968 4124 beat.
991 4071 1066 4134 ll.a;
1095 4082 1131 4122 cr
1151 4067 1267 4136 scriptis
1287 4065 1418 4120 Philonis

133 4143 240 4199 ludaei
269 4142 354 4212 plura
382 4141 467 4196 affert
495 4141 657 4196 Wendland
685 4157 711 4210 p.
732 4143 774 4195 20.
813 4140 900 4195 Clem.
921 4139 966 4195 Al.
989 4139 1073 4208 paed.
1100 4139 1151 4193 ΙΙΙ.
1180 4139 1222 4192 26.
1262 4137 1418 4192 Clementis

132 4215 242 4270 librum
271 4229 339 4269 cum
362 4212 499 4269 diatribis
518 4211 698 4267 Musonianis
723 4211 874 4280 aptissime
903 4210 1059 4266 cohaerere
1084 4209 1193 4264 diserte
1218 4207 1419 4278 comprobavit

132 4285 298 4341 Wendlaud
317 4285 429 4354 quaest.
449 4283 520 4339 Mus.
558 4283 600 4338 Dc
620 4298 654 4338 ea
673 4298 704 4338 ra
723 4283 820 4338 Hirzel
839 4282 956 4337 dubitat
974 4281 1049 4336 Dial.
1069 4281 1102 4336 ΙΙ.
1122 4281 1196 4336 242.4

240 4357 270 4421 3)
290 4355 324 4411 cf.
344 4356 410 4412 Plin
438 4355 471 4410 Η.
491 4355 524 4410 Ν.
545 4354 591 4410 [X.
611 4358 653 4411 67.

239 4429 269 4493 4)
289 4426 326 4482 cf.
344 4426 421 4484 Plut.
440 4426 507 4482 aud.
527 4428 602 4496 poet.
622 4441 646 4481 c.
667 4428 680 4479 1
702 4441 729 4494 p.
751 4428 783 4480 14
803 4425 832 4480 F.
852 4424 954 4492 (Varro
973 4438 1019 4492 ap.
1040 4423 1111 4478 Gell.
1132 4424 1203 4490 4ου).

241 4500 270 4563 5)
289 4501 314 4553 3.
329 4515 376 4558 nso.
531 4499 557 4564 6)
578 4497 614 4552 dc
633 4498 678 4552 ira
697 4495 732 4552 ΙΙ.
752 4498 831 4554 33.ι.
903 4551 905 4558 ς
980 4499 1007 4562 7)
1027 4511 1070 4563 ep.
1090 4499 1159 4554 64.ι
1180 4494 1216 4550 cf.
1235 4495 1270 4548 tr.
1291 4506 1336 4547 an.
1357 4495 1381 4547 9.
1396 4507 1416 4550 3.

243 4571 271 4635 8)
291 4569 366 4636 Quid
379 4569 470 4626 Varro
490 4567 527 4624 de
546 4583 666 4624 numero
687 4568 877 4624 convivarum
893 4566 1078 4634 iudicaverit,
1097 4566 1206 4623 Gellius
1219 4565 1320 4620 narrat
1335 4566 1417 4622 l3.11.

1276 4670 1309 4726 20
