3508 5302
707 297 903 359 -61-

162 515 198 572 ut
213 509 336 594 gloriae
353 508 529 572 vanitatem
547 509 777 573 demonstrent.
787 507 810 588 1)
858 509 948 580 Quae
973 531 1047 574 cum
1062 511 1107 574 ita
1130 511 1204 591 sint,
1228 510 1309 574 nihil
1333 510 1449 590 habeo,

163 599 248 682 quod
274 600 314 663 ob
342 598 401 662 has
430 619 481 662 res
505 598 697 662 Iuvenalem
727 599 972 682 reprehendam,
1000 600 1063 664 nisi
1090 599 1173 663 forte
1202 600 1298 663 etiam
1323 598 1450 681 Cicero,

163 691 298 768 Seneca,
322 687 516 751 Plutarchus
540 689 581 752 ob
606 688 720 751 eadem
735 688 814 752 vitia
828 688 1016 772 insipientes
1032 689 1169 752 vocandi
1187 695 1270 752 sunt.
1303 688 1448 760 Quorum

161 777 263 841 libros
287 777 327 840 ad
351 776 588 861 philosophiam
612 778 809 861 pertinentes
831 779 945 863 plenos
969 798 1039 841 esse
1059 780 1280 863 exemplorum
1296 799 1313 842 e
1330 779 1452 843 fabulis

163 874 195 931 et
213 861 353 930 'historia
370 865 570 930 Graecorum
587 888 624 930 ac
641 866 861 930 Romanorum
879 873 1080 951 sumptorum
1104 889 1198 932 nemo
1222 868 1358 953 ignorat.
1400 869 1450 932 Ao

161 960 232 1020 iure
257 956 382 1020 Seneca
406 956 516 1020 scribit
540 956 580 1018 ad
604 956 780 1025 Marc.2.1
806 975 826 1018 a
849 953 1038 1036 praeceptis
1065 953 1211 1037 incipere
1241 975 1360 1036 omnes,
1391 953 1451 1037 qai

161 1063 294 1108 monere
320 1041 462 1123 aliquem
485 1041 608 1124 colunt,
634 1047 666 1106 et
688 1042 724 1106 in
749 1043 910 1126 ecerapb's
934 1042 1092 1108 desinere.

271 1133 354 1198 Tum
379 1157 418 1198 ea
441 1156 515 1220 pars
538 1136 749 1218 vituperatur,
773 1135 806 1197 in
831 1156 896 1218 qua
912 1135 951 1198 de
968 1134 1072 1199 forma
1088 1135 1204 1220 agitur.
1241 1135 1450 1219 Quantopere

162 1223 319 1287 Lehrsius
342 1223 394 1287 hic
418 1231 513 1306 erret,
537 1225 700 1288 neminem
724 1223 834 1307 fugiet.
881 1223 1049 1309 Nusquam
1072 1225 1241 1288 Iuvenalis
1265 1224 1384 1304 scribit,
1413 1231 1449 1288 ut

162 1319 315 1396 parentes
342 1315 461 1378 liberos
491 1320 667 1378 strumosos
697 1320 793 1397 atque
824 1319 915 1378 utero
946 1315 1066 1398 pariter
1097 1315 1258 1398 gibboque
1288 1319 1451 1378 tumentes

162 1403 233 1466 fieri
269 1404 409 1486 cupiant.
463 1401 566 1466 Nemo
601 1404 659 1467 hos
694 1424 806 1466 versus
841 1405 886 1466 ita
920 1403 1088 1487 intellegit,
1128 1405 1189 1467 nisi
1225 1405 1280 1488 qui
1314 1425 1448 1488 pravam

164 1493 350 1576 opinionem
381 1493 606 1577 praesumpsit.
661 1492 829 1556 duvenalis
859 1499 944 1556 recte
973 1494 1050 1557 dicit
1081 1493 1197 1557 melius
1230 1514 1299 1556 esse
1330 1494 1450 1557 liberos

163 1582 336 1660 deformes,
380 1581 435 1646 sed
464 1582 613 1648 honestos
642 1582 762 1645 habere
790 1603 887 1665 quam
916 1582 1083 1662 formosos,
1127 1584 1183 1646 sed
1210 1583 1390 1667 impudicos
1419 1590 1452 1646 et

164 1673 237 1756 plus
260 1672 395 1754 periculi
420 1693 498 1750 esse,
525 1693 566 1735 ne
589 1671 722 1735 formosi
746 1672 854 1754 turpia
877 1673 1041 1755 patiantur
1058 1693 1154 1756 quam
1171 1671 1341 1736 deformes.
1381 1671 1448 1735 Nec

164 1783 240 1824 vero
258 1761 418 1824 deformes
435 1761 553 1825 liberos
570 1769 681 1845 optare
697 1762 796 1839 iubet,
814 1760 871 1823 sed
883 1768 971 1825 vetat
986 1761 1257 1847 pulchritudinem
1273 1762 1449 1826 liberorum

166 1873 184 1914 a
207 1851 257 1913 dis
279 1850 415 1934 precari,
441 1852 594 1934 quoniam
617 1851 687 1914 fieri
710 1851 821 1934 possit,
847 1857 882 1914 ut
902 1851 982 1914 haec
1006 1852 1198 1916 detrimento
1223 1851 1271 1913 sit.

272 1939 410 2003 Versum
439 1941 577 2024 denique
605 1939 671 2004 364
700 1962 774 2003 cum
802 1939 867 2002 360
895 1961 960 2005 non
989 1942 1174 2024 conspirare
1203 1962 1297 2005 nemo
1329 1941 1447 2004 credet.

164 2029 278 2113 Neque
303 2030 388 2092 euim
413 2035 509 2113 poeta
533 2030 609 2093 dicit
623 2025 783 2091 Herculis
806 2046 984 2091 ornithonas
1007 2048 1183 2109 saevosque
1208 2027 1333 2092 latores
1358 2051 1377 2093 a
1401 2029 1450 2093 dis

165 2119 320 2202 petendos
344 2139 424 2200 esse,
450 2120 506 2183 sed
530 2141 583 2183 eos
607 2119 692 2181 vitae
713 2118 896 2182 luxuriosae
913 2120 1164 2202 anteponendos.
1212 2119 1324 2183 Talem
1341 2127 1449 2182 autem

166 2209 309 2271 animum
334 2209 378 2271 ait
400 2210 519 2272 virtute
540 2207 706 2293 praestari.
755 2207 827 2279 Qua
844 2210 941 2271 etiam
957 2208 1042 2272 vitae
1058 2209 1324 2293 tranquillitatem
1341 2209 1450 2293 parari

165 2319 236 2362 meo
261 2299 392 2382 quidem
415 2298 534 2362 iudicio
558 2298 755 2361 eontrarium
779 2319 842 2360 non
868 2304 924 2360 est.

271 2387 406 2450 Praeter
447 2389 577 2471 longam
617 2387 836 2470 exemplorum
876 2386 992 2450 seriem
1032 2387 1128 2450 etiam
1168 2387 1200 2449 in
1241 2387 1449 2471 dispositione
1493 2417 1497 2428 ·

166 2477 343 2540 secundum
367 2477 632 2540 consuetudinem
652 2475 906 2540 adulescentium
922 2476 954 2538 in
973 2476 1082 2540 schola
1098 2476 1348 2540 declamantium
1365 2476 1451 2540 facta

164 2567 356 2650 interpretes
380 2567 543 2630 offendere
566 2566 726 2629 ridentur.
773 2566 864 2628 Licet
888 2566 947 2628 hoc
972 2573 1094 2629 rectum
1120 2566 1170 2645 sit,
1199 2567 1364 2630 tamenin
1389 2566 1449 2629 hac

166 2662 274 2719 satura
298 2657 412 2719 eadem
429 2678 512 2740 quac
527 2657 560 2719 in
577 2656 704 2740 scriptis
720 2654 985 2739 philosophorum
1001 2655 1205 2740 popularium
1222 2662 1318 2739 atque
1335 2655 1449 2719 eodem

165 2745 231 2808 fere
257 2747 352 2809 modo
376 2747 507 2810 tractari
532 2747 608 2810 satis
625 2767 644 2808 a
661 2745 752 2809 nobis
769 2745 962 2829 explicatum
980 2751 1037 2807 est.
1084 2743 1224 2808 Carmen
1241 2751 1349 2808 autem
1366 2746 1451 2808 hene

165 2835 377 2919 compositum
407 2842 464 2898 est.
516 2835 599 2898 Nam
630 2841 727 2919 poeta
757 2840 928 2918 postquam
956 2839 1032 2898 vota
1061 2834 1229 2898 hominum
1259 2835 1450 2919 plerumque

165 2945 242 2988 vera
258 2927 344 2989 bona
359 2946 423 2987 non
441 2946 511 2988 esse
527 2925 678 2989 disseruit
695 2930 791 3007 atque
803 2923 1007 2987 incommoda
1020 2930 1051 2987 et
1063 2925 1239 2988 vanitatem
1252 2925 1449 3002 divitiarum,

166 3035 248 3097 quae
285 3015 380 3098 vulgo
419 3015 558 3078 maxime
598 3015 781 3098 cupiuntur,
820 3014 1005 3098 explanavit
1040 3011 1190 3094 (1-55),
1230 3014 1451 3098 compluribus

166 3103 321 3187 exemplis
345 3104 486 3188 primum
510 3103 709 3168 demonstrat
732 3124 770 3167 ea
793 3104 878 3166 hona
902 3125 966 3166 non
994 3124 1074 3176 esse,
1104 3104 1220 3187 quibus
1248 3105 1449 3188 potissimum

164 3192 310 3257 homines
358 3194 580 3258 auctoritatem
620 3215 654 3257 se
695 3194 923 3277 impetraturos
963 3213 1032 3256 esse
1071 3200 1213 3276 sperent,
1261 3194 1450 3277 potentiam,

166 3283 381 3366 eloquentiam
419 3284 591 3362 forensem,
630 3283 707 3347 belli
742 3279 927 3366 gloriam32)
968 3281 1083 3345 deinde
1119 3283 1216 3346 etiam
1252 3304 1306 3347 eos
1341 3303 1452 3345 errare

166 3373 315 3454 ostendit,
340 3372 395 3456 qui
418 3379 508 3436 tanta
533 3394 596 3436 non
621 3380 749 3436 orantes
772 3372 903 3454 longam
927 3372 1027 3434 vitam
1051 3370 1253 3456 formamque
1276 3372 1449 3456 petendam

166 3483 235 3525 esse
259 3463 387 3525 ducant.
436 3462 520 3526 Tum
537 3463 677 3547 exponit,
703 3482 878 3545 quaerere
896 3459 1014 3542 bona³)
1038 3461 1112 3541 sint,
1137 3483 1239 3546 eaque
1259 3463 1356 3524 etiam
1381 3462 1451 3524 sine

165 3553 314 3635 precibus
339 3553 407 3615 sola
430 3552 548 3615 virtute
567 3552 690 3642 parari.
717 3587 758 3594 -

275 3763 301 3829 1)
320 3762 514 3832 Philosophos
530 3763 695 3820 Alexandro
714 3762 795 3832 prius
815 3760 1026 3817 obtrectavisse
1046 3777 1134 3831 quam
1152 3761 1284 3818 rhetores
1300 3762 1451 3818 Schwartz

166 3834 377 3889 animadvertit
397 3834 489 3900 (Paul.
510 3835 593 3892 Wiss.
608 3835 653 3890 lV.
671 3835 759 3901 1880.)

272 3909 300 3970 2)
320 3906 428 3961 Iisdem
452 3906 537 3961 bonis
557 3907 635 3962 vitae
662 3907 847 3961 serenitatem
873 3919 930 3960 non
955 3905 1098 3974 praestari
1115 3905 1291 3961 Plutarchus
1315 3905 1388 3961 dicit
1412 3904 1451 3960 de

167 3977 293 4032 cabira
315 3981 354 4032 19.
374 3995 401 4046 p.
416 3981 467 4032 476
494 3981 556 4030 &ber
582 3979 643 4029 οὔτε
668 3981 741 4030 οἰκία
760 3979 912 4042 πολυτελὴς
932 3978 993 4028 οὔτε
1011 3979 1119 4042 χρυσίου
1138 3980 1245 4044 πλῆθος
1265 3979 1326 4028 οὔτε
1346 3980 1449 4041 ἀξίωμα

166 4052 261 4114 γένους
276 4047 323 4114 (cs.
337 4049 403 4104 dur.
418 4052 471 4104 sat.
483 4051 512 4116 8)
531 4052 592 4101 obse
606 4051 722 4115 μέγεθος
736 4051 824 4114 ἀρχῆς
838 4049 868 4098 οὐ
882 4050 967 4113 λόγου
979 4052 1059 4114 χάρις
1072 4049 1089 4114 ἢ
1105 4053 1224 4117 δεινότης
1237 4053 1326 4101 εὐδίαν
1340 4051 1453 4113 παρέχει

167 4121 214 4184 βίῳ
237 4124 286 4172 καὶ
308 4123 431 4186 γαλήνην
455 4124 585 4188 τοσαύτην
610 4123 674 4188 ὅσην
698 4123 769 4186 ψυχὴ
793 4119 985 4181 καθαρεὺουοα
1006 4124 1172 4185 πραγμάτων
1193 4123 1242 4172 καὶ
1264 4123 1448 4184 βουλευμάτων

165 4196 290 4256 πονηρῶν
304 4209 328 4241 κ.
344 4209 365 4244 τ.
379 4195 403 4243 λ.
426 4192 473 4259 (cf.
488 4193 554 4248 Luc.
568 4192 648 4260 Nigr.
662 4197 691 4258 4;
711 4191 776 4247 (leb.
792 4188 849 4245 tab.
864 4192 893 4256 83
914 4189 1003 4244 Arist.
1021 4192 1305 4260 pr0t1·.fr.59;Rose
1324 4208 1350 4260 p.
1365 4192 1406 4244 70.
1415 4190 1450 4257 5.)

166 4262 292 4329 Norden,
312 4278 379 4320 ann.
399 4264 447 4331 ph.
469 4264 563 4334 suppl.
576 4263 671 4319 XVIII
685 4265 745 4318 339.
757 4260 775 4314 ¹.

273 4335 301 4398 3)
323 4334 430 4390 Eadem
455 4336 543 4390 simul
565 4336 754 4390 nominantur
776 4347 794 4388 a
813 4331 922 4387 Seneca
946 4330 982 4386 de
1006 4332 1086 4388 brev.
1111 4352 1137 4389 v.
1160 4336 1228 4388 132.
1257 4335 1404 4402 Erspectat
1426 4336 1452 4386 tc

166 4407 195 4458 in
218 4405 265 4459 hoc
286 4423 383 4473 praere
406 4409 475 4462 ottae
497 4409 615 4462 martium
638 4407 766 4461 bonoram
789 4404 902 4468 artium,
925 4420 1003 4458 amor
1020 4405 1156 4461 virtutum
1176 4406 1226 4471 (cf.
1244 4421 1271 4459 ν.
1284 4403 1347 4470 364)
1372 4411 1452 4472 atque

164 4493 237 4543 rura,
256 4476 444 4544 cupiditatem
458 4479 550 4533 oblivio
570 4479 608 4544 (v.
629 4479 692 4544 360)
716 4475 823 4530 vivendi
842 4473 955 4541 (358sq.)
978 4492 1009 4530 cc
1027 4477 1163 4533 moriendi
1182 4479 1220 4544 (ν.
1243 4475 1306 4542 357)
1330 4475 1450 4541 scicntia,

165 4547 222 4601 olto
241 4565 334 4602 rerunt
354 4550 427 4616 quies
445 4550 484 4616 (ν.
499 4549 571 4618 364.)
592 4550 626 4604 cf.
643 4549 714 4604 Max.
729 4548 793 4616 Tyr.
811 4550 840 4602 ll
857 4548 923 4612 (30.)
940 4555 959 4598 8.
