3508 5302
871 290 1068 352 „30-

511 499 606 564 natta
627 520 723 582 snper
746 499 843 564 nubes
865 501 1010 565 conuiuio
1033 501 1253 566 coelicolarum

511 609 566 654 nec
584 609 667 671 puer
690 588 817 654 Ilionae
839 589 1004 670 formonsa
1028 611 1084 655 nec
1107 591 1256 656 Herculis
1280 612 1362 657 aanor

511 680 554 742 ad
576 678 713 760 cyathos,
738 681 832 744 etionr
855 681 966 744 siccato
988 684 1112 745 nectare
1135 684 1256 764 torpens

511 768 656 834 trocclcio
685 767 847 832 Vulcanus
868 768 1033 850 Liparaea
1056 769 1156 853 nipro
1179 769 1321 844 taberna,

505 857 688 940 procidebat
708 857 770 923 sibi
791 857 923 939 qrcisane
945 859 1030 938 cleas,
1054 878 1109 924 noc
1131 859 1225 923 turba
1250 860 1379 923 deornm

509 945 593 1027 totis,
619 950 655 1009 nt
677 951 720 1011 est
742 947 843 1031 hodie,
866 951 1073 1028 contentaque
1093 945 1200 1012 sidero
1218 948 1335 1030 poncia

509 1034 699 1100 numinibus
722 1037 876 1100 miserum
899 1036 1079 1119 rorpccelrant
1100 1037 1238 1101 Atlanta
1260 1037 1383 1101 rninori

504 1125 660 1206 pondera·
683 1125 829 1190 nondnnr
852 1124 971 1206 ationis
993 1126 1123 1191 sortitus
1146 1125 1232 1190 triste
1252 1126 1415 1208 profundi

509 1214 679 1296 inperium
702 1218 760 1278 ont
781 1213 892 1279 Siculo
915 1217 1017 1279 torvos
1039 1236 1110 1280 crorn
1132 1215 1264 1298 coninpe
1286 1215 1416 1296 Ptcoton,

509 1323 564 1368 nec
586 1307 657 1367 roto
681 1323 736 1368 nec
757 1302 866 1383 fririae
889 1323 944 1367 nec
966 1323 1082 1368 sarcion
1106 1308 1165 1368 ant
1187 1304 1327 1369 unltcrris
1350 1306 1415 1369 otri

506 1412 619 1474 poeno,
643 1392 696 1457 sed
719 1390 862 1474 infernis
886 1392 1005 1458 littores
1026 1393 1097 1458 sine
1119 1393 1246 1478 repilrns
1269 1393 1408 1458 rontroe.

432 1516 637 1601 Quamquam
664 1519 698 1581 in
726 1539 764 1581 eo
789 1519 932 1582 carmine
956 1518 1104 1604 sacrilegi
1132 1519 1330 1604 castigantur
1358 1525 1390 1582 at
1416 1521 1514 1604 prisci
1537 1521 1609 1585 lau-

326 1604 451 1686 dantur,
486 1607 541 1691 qui
568 1608 629 1691 piis
653 1607 769 1670 animis
794 1607 870 1671 deos
904 1608 1061 1688 colebant,
1095 1614 1204 1671 tamen
1236 1609 1317 1672 haec
1349 1609 1449 1673 verba
1480 1609 1610 1676 facetiis

325 1715 390 1757 non
414 1704 532 1759 carent.
582 1695 738 1767 Quisnam
761 1718 827 1760 non
850 1699 1076 1779 reminiscitur,
1102 1718 1174 1761 cum
1199 1719 1237 1761 ea
1260 1698 1348 1782 legit,
1378 1697 1515 1763 Luciani
1538 1722 1606 1764 ser-

324 1804 466 1864 monum,
491 1787 524 1848 in
553 1785 668 1869 quibus
698 1786 841 1869 undique
865 1787 914 1850 dis
937 1788 1080 1851 humana
1103 1793 1220 1850 natura
1243 1787 1447 1852 attribuitur?
1487 1788 1606 1853 lucun-

323 1874 406 1946 ditas
431 1875 516 1937 enim
540 1883 572 1938 et
595 1875 739 1939 hilaritas
762 1897 914 1939 versuum
937 1877 1031 1941 valde
1056 1877 1096 1940 ab
1120 1878 1168 1940 ira
1192 1884 1224 1939 et
1243 1877 1463 1962 indignatione
1488 1879 1605 1957 differt,

324 1984 388 2050 qua
420 1971 515 2047 poeta
548 1964 619 2028 aliis
642 1965 720 2029 locis
749 1965 929 2050 instigatur.
940 1964 963 2043 ¹)
993 2003 1034 2010 —
1063 1964 1235 2051 Conspirat
1263 1967 1316 2030 ille
1344 1988 1417 2030 cum
1445 1967 1606 2032 Juvenale

323 2053 356 2115 in
383 2053 508 2116 decimo
540 2054 673 2117 deorum
704 2055 842 2139 dialogo,
875 2056 931 2118 ubi
960 2055 1144 2138 Apollinem
1179 2055 1310 2121 Saturni
1339 2062 1479 2120 aetatem
1511 2056 1606 2122 Jouis

323 2163 423 2225 regno
447 2143 684 2227 praeferentem
710 2143 787 2207 lacit
811 2165 836 2207 c.
855 2146 884 2207 2.
924 2144 1020 2207 lllum
1044 2166 1220 2228 numquam
1246 2167 1263 2208 a
1288 2146 1375 2210 caelo
1400 2146 1607 2211 descendisse

323 2232 376 2311 ait,
402 2244 437 2294 ut
460 2254 533 2296 oum
557 2233 686 2296 feminis
711 2234 900 2297 mortalibus
925 2233 1198 2315 concumberet.‘⁴’)

430 2319 479 2384 De
504 2322 595 2386 Jovis
619 2322 794 2406 Martisque
818 2323 982 2387 amoribus
1006 2324 1132 2387 iocatur
1157 2326 1244 2394 ss·58:

495 2445 577 2524 Quis
601 2451 711 2510 tanuen
736 2446 892 2526 adfirmat
916 2446 966 2510 nil
990 2452 1100 2510 actioni
1122 2446 1288 2511 montibns
1313 2451 1372 2510 ant
1395 2444 1432 2510 in

493 2535 679 2620 speluncis?
703 2537 793 2600 Adeo
816 2541 1000 2600 senuerant
1022 2536 1180 2620 Jccppiter
1204 2540 1235 2598 et
1251 2534 1369 2600 Mors?

322 2661 444 2816 'cidDig
461 2661 539 2816 Chri}
553 2663 626 2727 Vll.
647 2665 709 2733 143
726 2687 756 2749 p.
777 2666 837 2727 141
857 2664 897 2727 Ι).
916 2662 1069 2728 Simultas
1084 2663 1221 2728 lunonis
1229 2662 1255 2742 3)
1279 2663 1329 2727 his
1350 2685 1479 2747 quoque
1495 2663 1605 2727 verbis

321 2773 353 2814 m
378 2773 427 2815 loa
443 2774 494 2815 ur:
544 2771 630 2823 .618:

549 2877 720 2941 Ardebant
744 2881 863 2940 cuncta
888 2881 919 2940 et
940 2875 1032 2957 facto
1056 2897 1207 2960 cornpope
1232 2876 1373 2941 rorabant

548 2987 614 3030 non
639 2966 735 3029 aliter
759 2987 859 3046 quarn
883 2965 913 3029 si
936 2964 1067 3046 fecisset
1088 2966 1180 3031 Jnno
1203 2965 1364 3029 rnoritnno

548 3075 715 3120 insonant.

321 3161 375 3242 (cl.
404 3161 523 3242 laco.)

434 3252 595 3336 Porsaope
626 3255 703 3316 talia
730 3254 764 3317 in
788 3253 924 3318 Luciani
948 3254 1084 3338 dialogis
1108 3260 1289 3317 occurrunt.
1327 3252 1365 3316 cl.
1396 3252 1483 3315 deor.
1510 3273 1600 3316 conc.

320 3343 354 3403 7:
376 3341 435 3424 τὴν
462 3341 523 3426 γάρ
552 3365 599 3405 τοι
627 3344 732 3428 ἀρχὴν
756 3353 818 3408 τῶν
842 3344 989 3407 τοιούτων
1013 3345 1297 3428 παρανομημάτων
1325 3344 1381 3404 καὶ
1408 3342 1466 3424 τὴν
1497 3341 1601 3404 αἰτίαν

318 3439 373 3491 τοῦ
397 3430 598 3514 νοθευθῆναι
621 3433 712 3516 ἡμῶν
733 3436 768 3494 τὸ
793 3432 952 3516 ξυνέδριον
970 3434 1019 3509 σύ,
1045 3434 1069 3494 ὠ
1095 3431 1166 3509 Ζεῦ,
1189 3432 1352 3516 παρέσχες
1375 3430 1510 3513 θνηταῖς
1534 3431 1601 3492 ἐπι-

321 3520 505 3602 μιγνύμενος
533 3522 589 3584 ναὶ
617 3523 735 3585 κατιὼν
764 3520 839 3606 παρ’
872 3525 969 3598 αύτάς
998 3522 1030 3585 ἐν
1059 3522 1173 3584 άλλοτε
1203 3521 1290 3605 άλλιμ
1320 3518 1462 3605 σχήματι
1491 3568 1497 3580 .
1524 3565 1532 3581 .
1558 3568 1565 3582 .
1592 3570 1600 3581 .

318 3607 393 3691 Jup.
419 3616 457 3672 tr.
484 3611 502 3672 2
536 3606 646 3672 ‘'HPA.
673 3608 754 3673 otoo
778 3615 813 3673 τὸ
837 3611 1013 3695 κεφάλαιον
1039 3613 1115 3673 αὐτὸ
1140 3613 1183 3674 ὡν
1206 3610 1350 3694 πάσχεις,
1375 3611 1422 3672 ὅτι
1447 3607 1599 3691 ἐρωτικόν

320 3697 414 3760 ἐστιν.
440 3701 475 3760 ού
502 3699 563 3783 μὴν
587 3700 705 3763 κωκύω
722 3722 759 3784 γε
784 3701 844 3762 ύπύ
869 3701 965 3776 ἔθους
986 3701 1050 3782 ἤδη
1073 3699 1229 3775 πολλάκις
1252 3699 1443 3784 ὑβρισθεῖσα
1460 3698 1522 3760 ὑπὸ
1540 3707 1599 3760 σοῦ

318 3787 509 3850 τὰτοιαῦτα
533 3811 563 3851 n.
581 3811 608 3851 τ.
626 3789 688 3866 ist)
735 3789 829 3873 Apud
855 3787 1092 3860 lractantium5)
1121 3788 1258 3872 legimns
1288 3791 1445 3851 Senecam
1469 3809 1599 3870 quoque

427 3963 453 4030 l)
474 3964 510 4019 ol.
530 3964 641 4031 Jessen,
661 3964 736 4019 Witr
755 3965 816 4020 und
836 3965 947 4020 Humor
965 3965 1006 4020 im
1025 3964 1159 4032 Juvenal,
1178 3963 1252 4019 Phil.
1267 3967 1300 4018 47
1320 3980 1347 4033 p.
1362 3965 1421 4018 320.

426 4038 453 4100 2)
475 4036 510 4092 cf.
536 4039 559 4089 ύ.
571 4043 662 4103 14·-16;
687 4040 746 4091 6.1;
772 4037 855 4091 Credo
879 4037 1038 4105 pudicitiam
1066 4038 1186 4092 Saturno
1214 4053 1273 4106 rege
1298 4038 1432 4089 onoratara
1458 4033 1490 4087 in
1518 4035 1600 4088 terris

317 4125 452 4243 mamili
468 4107 759 4247 dillicenirgunoulae
777 4179 902 4234 fortasse
922 4179 1010 4234 etiam
1031 4179 1068 4233 de
1086 4179 1227 4249 pudicitia
1252 4177 1377 4232 lunonis
1396 4176 1493 4261 iocose
1512 4174 1596 4260 dubi-

317 4251 398 4305 tatur
418 4249 453 4304 cl.
473 4249 540 4305 Luc.
561 4265 632 4305 sacr.
647 4255 663 4304 6
678 4253 758 4316 ὃμοια
777 4254 807 4302 δὲ
827 4252 930 4312 τούτοις
946 4253 1067 4314 καὶπερὶ
1087 4255 1134 4316 τῆς
1154 4251 1240 4313 Ἥρας
1260 4251 1364 4314 ᾄδουσιν
1386 4251 1448 4298 ἄνευ
1463 4263 1511 4312 της
1530 4263 1598 4311 προς

317 4325 362 4374 τὸν
383 4325 468 4387 ἄνδρα
488 4323 594 4386 ὁμιλίας
614 4323 756 4388 ὑπηνέμιον
778 4324 860 4388 αὐτὴν
880 4325 963 4373 παῖδα
983 4326 1110 4388 γεννῆσαι
1129 4325 1174 4373 τὸν
1194 4321 1342 4386 Ἥφαιστον
1361 4336 1388 4369 n.
1402 4336 1425 4372 τ.
1437 4320 1461 4368 λ,

423 4393 451 4459 4)
472 4393 507 4448 cf.
529 4393 642 4448 Charid.
663 4397 688 4461 7,
708 4396 735 4457 8;
756 4393 835 4448 deor.
855 4393 924 4448 dial.
945 4397 1004 4457 6.3;
1026 4397 1050 4448 5.

424 4465 451 4531 5)
472 4465 500 4521 L.
520 4465 587 4519 inst.
608 4465 640 4519 ll.
662 4466 703 4519 16.
715 4473 751 4518 10:
771 4465 832 4519 Non
844 4465 947 4533 illepide
967 4466 1066 4520 Seneca
1083 4466 1113 4518 in
1132 4464 1209 4517 libris
1227 4461 1336 4516 rnorolis
1353 4459 1541 4528 painsopane.
1562 4489 1597 4497 -

317 4536 352 4591 of.
373 4535 430 4592 Cic.
451 4536 535 4592 Taso.
554 4541 579 4590 4.
590 4544 623 4588 τυ.
644 4535 742 4603 (Clam.
763 4545 852 4605 pron.
872 4538 915 4603 33,
934 4536 989 4602 37.)
