3512 5324
700 294 899 356 ...⁶23-

247 509 298 571 54.
349 553 355 566 .
383 554 388 565 .
416 553 422 566 .
449 556 455 570 .
481 506 609 570 Paucae
631 507 701 571 sicce
725 505 855 572 valuere
878 505 991 588 malae,

347 597 403 659 aia
426 596 577 677 cuiquam
600 599 659 660 aut
680 595 768 660 acciit
791 599 854 660 tcto
877 597 1049 662 certamine
1071 615 1175 661 uastos

346 686 476 768 integer.
501 684 663 766 Aspiceres
686 684 752 748 iaus
775 688 887 750 euecta
908 706 967 766 per
989 685 1121 769 apuiua
1145 685 1252 750 vultus

348 774 508 855 dimidios,
532 773 616 838 aliae
637 772 733 855 facies
756 778 785 838 et
807 773 938 838 biuatia
960 776 1067 856 ruptis

349 883 416 928 ossa
439 863 539 952 pecie,
562 862 671 945 plenos
694 863 858 928 oculorum
879 863 1040 947 saapuiuc
1057 882 1194 947 peractos.
1220 913 1227 925 .
1254 913 1260 926 .

264 971 302 1034 cf.
318 971 401 1035 Phil.
415 969 459 1034 Il.
474 973 549 1034 478.
567 968 835 1055 Ἐπανιστάμενοι
849 968 933 1053 (scil.
953 973 1016 1034 ἀπὸ
1032 981 1087 1034 τοῦ
1105 967 1249 1054 δείπνου)
1268 972 1443 1036 δάκνουσιν

155 1060 318 1144 ἀλλήλους
346 1061 402 1123 καὶ
431 1060 654 1144 ἀποτρύγσυσι
683 1061 780 1142 ῥῖνας,
804 1061 881 1132 dura,
915 1060 1102 1136 δακτύλους,
1137 1058 1217 1143 ἕτερ’
1249 1063 1328 1123 ἅττα
1359 1061 1441 1146 μέρη

154 1151 386 1234 τοῦσώματος,
413 1149 454 1225 ὡς
470 1152 524 1211 τὸν
541 1149 592 1211 ἐπὶ
610 1147 790 1224 Κύκλωπος
811 1151 867 1212 καὶ
890 1157 952 1212 τῶν
969 1145 1155 1224 Ὀδυσσέως
1179 1149 1312 1233 ἑταίρων
1338 1150 1443 1234 μῦθον

156 1238 402 1322 ἀποδεδειχέναι
413 1238 542 1313 τούτους
555 1237 679 1321 ἀληθῆ,
695 1239 876 1322 »ψωμούς«,
894 1241 1023 1322 ᾐφησιν
1038 1239 1054 1300 δ
1067 1237 1212 1321 ποιητὴς,
1230 1239 1444 1315 secabuntur

158 1328 407 1412 νάνδρομὲουςιι,
432 1329 489 1390 καὶ
513 1327 673 1411 ὠμότερον
697 1328 719 1410 ἢ
745 1328 874 1403 ἐκεῖνος.
884 1327 908 1406 1)

261 1416 405 1480 Parvum
429 1423 478 1480 est
500 1416 682 1495 discrimen,
712 1417 798 1500 quod
825 1418 858 1479 in
883 1417 1051 1480 luvenalis
1075 1422 1184 1479 satura
1207 1417 1376 1501 epulantes
1400 1417 1443 1481 ab

154 1507 282 1571 infestis
305 1507 420 1569 vicinis
445 1512 653 1590 occupantur,
671 1507 703 1568 in
719 1497 863 1570 Philonis
880 1512 988 1570 autem
1006 1527 1154 1570 sermone
1178 1508 1330 1570 convivas
1353 1507 1441 1590 ipsos

153 1597 238 1660 iuter
261 1617 296 1659 se
312 1597 459 1659 rixantur
474 1601 508 1657 et
526 1596 681 1659 saeviunt.
719 1595 793 1658 Mea
817 1596 901 1658 euim
920 1597 1079 1659 sententia
1103 1601 1134 1658 et
1157 1593 1252 1658 Philo
1276 1602 1308 1659 et
1331 1603 1444 1659 uester

153 1687 294 1749 maxime
318 1687 350 1748 in
376 1687 483 1748 animo
499 1685 620 1749 habent
636 1685 815 1763 ostendere,
845 1692 982 1769 quantas
1006 1685 1046 1748 ad
1063 1684 1268 1748 crudelitates
1292 1685 1444 1774 hemines

154 1775 221 1838 sive
242 1776 319 1838 vino
341 1775 407 1838 sive
428 1775 477 1837 ira
493 1774 569 1837 victi
589 1775 797 1838 adducantur.
834 1774 957 1838 Tamen
978 1775 1064 1855 inde,
1086 1774 1171 1859 quod
1191 1775 1441 1858 intemperantia

155 1865 390 1950 Aegyptiorum
416 1885 453 1927 ac
473 1864 602 1926 luxuria
619 1865 774 1928 acerrime
791 1864 1071 1948 reprehenduntur
1086 1886 1116 1926 v.
1134 1865 1176 1928 43
1190 1893 1242 1947 sq,
1261 1862 1344 1926 effici
1361 1864 1443 1927 mihi·

153 1955 291 2033 videtur,
320 1961 355 2016 ut
378 1961 474 2037 poeta
498 1973 592 2016 cenas
617 1953 805 2037 magnificas
829 1954 947 2018 talibus
970 1955 1087 2038 pugnis
1111 1973 1208 2038 saepe
1231 1953 1316 2016 finiri
1340 1954 1443 2017 etiam

154 2045 205 2106 hic
233 2042 430 2106 adumbrare
458 2042 544 2105 velit.
584 2043 876 2107 Videmus'autem
903 2045 936 2107 in
965 2044 1091 2127 scriptis
1121 2063 1232 2106 eorum
1260 2049 1441 2122 auctorum,

154 2135 206 2217 qui
231 2133 372 2216 vestigia
398 2132 562 2216 popularis
586 2131 779 2216 Cynicorum
808 2133 1030 2217 philosophiae
1057 2138 1230 2211 sectantur,
1258 2133 1338 2197 tales
1367 2133 1446 2196 des--

154 2223 327 2307 criptiones
350 2223 383 2284 in
404 2223 509 2306 gratia
530 2219 675 2299 fuisse.²)
715 2223 762 2285 Ac
786 2223 994 2306 perlubenter
1016 2222 1096 2286 ebrii
1119 2227 1151 2284 et
1173 2222 1269 2285 rudes
1292 2222 1443 2286 homines

152 2313 184 2376 in
196 2312 246 2376 his
257 2311 458 2375 sermonibus
472 2332 543 2374 oum
558 2309 738 2390 Centauris,
747 2309 773 2393 3)
787 2311 943 2396 Lapithis,
950 2311 976 2390 4)
995 2309 1188 2396 Cyclopibus
1200 2318 1442 2395 comparantur,

154 2402 238 2486 quod
263 2401 433 2464 luvenalis
456 2421 584 2485 quoque
604 2400 682 2463 facit
697 2423 748 2464 vv.
767 2403 807 2465 14
820 2399 898 2484 sq.⁵)
938 2400 1028 2472 Quae
1048 2422 1120 2465 cum
1137 2401 1183 2464 ita
1198 2401 1271 2480 sint,
1296 2403 1443 2466 nascitur

154 2490 293 2576 suspicio
311 2491 408 2554 etiam
429 2491 512 2554 hanc
534 2497 686 2571 saturam,
712 2491 858 2574 quamvis
874 2497 1101 2574 argumentum
1118 2491 1255 2554 multum
1271 2511 1290 2553 a
1306 2491 1443 2576 reliquis·

155 2583 328 2646 abliorrere
341 2579 497 2659 videatur,
515 2579 555 2642 ad
573 2580 709 2643 similem
726 2580 848 2644 fontem
865 2581 1009 2644 revocari
1022 2601 1125 2664 posse.
1143 2580 1161 2643 J
1166 2580 1336 2643 uvenalem
1350 2581 1439 2648 enim

153 2671 231 2734 haec
244 2691 310 2733 non
323 2671 430 2753 ipsum
442 2670 559 2733 vidisse
573 2676 628 2733 aut
644 2670 685 2733 ab
701 2669 808 2733 incola
820 2670 959 2753 quodam
976 2670 1107 2733 alterius
1120 2669 1229 2754 oppidi
1243 2670 1441 2753 comperisse

155 2783 192 2824 ex
215 2781 254 2824 eo
279 2760 394 2838 elucet,
419 2760 504 2843 quod
520 2758 661 2822 Ombum
682 2780 701 2822 a
722 2758 864 2843 Tentyra
888 2765 1015 2822 centum
1033 2758 1248 2846 quadraginta
1263 2758 1332 2822 fere
1348 2759 1439 2826 milia

153 2853 307 2934 pa'ssuum
332 2848 444 2934 abesse
467 2847 578 2911 nescit.
625 2848 768 2920 Accedit,
794 2849 880 2932 quod
904 2871 944 2912 ea
965 2870 1051 2932 pars,
1075 2849 1108 2911 in
1129 2869 1193 2932 qua
1210 2848 1250 2911 de
1266 2849 1442 2913 clementia

155 2941 269 3023 agitur,
299 2940 426 3002 tametsi
453 2937 615 3001 severitati
641 2938 821 3002 Stoicorum
849 2958 915 3001 non
941 2936 1125 3022 respondet,
1153 2937 1343 3022 philosopho
1372 2960 1442 3004 nora

150 3018 287 3112 indigna
311 3026 401 3106 est.⁶)
438 3026 499 3098 Qui
522 3027 603 3091 nihil
627 3027 715 3091 aliud
731 3027 860 3091 volebat
876 3028 937 3090 nisi
952 3027 1186 3091 immanitatem
1202 3027 1441 3112 Aegyptiorum

154 3120 321 3202 castigare,
346 3116 374 3178 ei
400 3138 463 3181 non
488 3138 568 3201 opus
589 3123 658 3180 erat
674 3116 812 3181 Zenonis
829 3123 861 3180 et
875 3116 1090 3201 Pythagorae,
1115 3117 1170 3202 quii
1186 3123 1275 3180 tauta
1291 3117 1440 3181 facinora

153 3213 272 3286 vetent,
297 3206 492 3270 mentionem
517 3207 646 3270 habere.

259 3297 373 3380 Itaque
396 3297 429 3360 in
458 3296 519 3359 hac
542 3316 669 3380 quoque
694 3302 803 3359 satura
830 3295 931 3358 multa
953 3294 1164 3379 philosophae
1190 3295 1346 3358 diatribae
1370 3316 1440 3359 non
1550 3323 1563 3342 ·

153 3379 321 3450 dissimilia
354 3386 460 3450 inesse
495 3385 611 3449 iudico.
664 3385 730 3448 Nec
766 3405 842 3448 vero
878 3384 992 3448 eadem
1027 3384 1175 3468 exempla
1210 3390 1319 3447 noster
1352 3406 1442 3469 quae

151 3476 326 3554 Lucienus,
356 3473 493 3560 Oyniccs
522 3474 796 3559 σπουδολεγοίους,
826 3475 881 3557 qui
908 3475 1002 3537 tertio
1031 3475 1158 3537 saeculo
1182 3472 1349 3553 florebant,
1379 3475 1439 3538 sed

152 3565 304 3649 aequales
328 3564 380 3628 hic
401 3565 519 3628 imitari
535 3564 674 3642 videtur,
699 3564 810 3648 quiin
835 3563 971 3627 dicendo
996 3564 1116 3626 maiore
1141 3568 1233 3626 erant
1249 3563 1439 3628 austeritate

150 3661 188 3718 ut
202 3654 398 3738 Peregrinus
418 3661 451 3717 et
466 3654 646 3718 Demonax.
664 3688 707 3697 —
723 3652 842 3716 Facete
857 3653 891 3716 in
908 3653 1002 3716 tertia
1018 3661 1127 3716 satura
1143 3649 1223 3732 (278
1237 3652 1292 3736 sq.)
1310 3653 1436 3717 ebrium

151 3745 316 3808 hominem
339 3744 500 3824 describit,
530 3743 586 3827 qui
613 3748 707 3806 nocte
735 3763 816 3805 cena
838 3742 1006 3806 discedens
1030 3741 1247 3806 ambulantem
1273 3740 1436 3828 quendam

149 3841 284 3918 repente
308 3834 459 3918 opprimit
482 3833 734 3916 verberibusque
759 3829 906 3910 caedit.⁷)
930 3868 972 3877 —

260 3991 286 4058 1)
307 3992 342 4048 of.
362 3991 563 4050 Juv.15.7ssq.

258 4063 286 4129 2)
307 4063 343 4119 cf.
362 4061 535 4130 Wendland,
552 4061 637 4117 Philo
657 4063 710 4117 etc.
730 4063 763 4114 21
778 4075 820 4129 sq.
841 4059 947 4124 Hircel,
967 4060 994 4115 d.
1014 4059 1080 4115 Dial
1094 4059 1112 4114 l.
1127 4062 1188 4115 365,

257 4133 285 4197 3)
304 4135 359 4192 Dio
372 4133 484 4189 XXVll.
497 4137 522 4188 2.
534 4149 562 4203 p.
571 4135 623 4188 317
638 4132 723 4188 Dind.
737 4131 851 4194 mn,
864 4135 906 4194 53,
920 4149 946 4202 p.
958 4136 1010 4186 418
1023 4131 1110 4186 Dind.
1164 4133 1193 4198 4)
1213 4131 1278 4186 Luc.
1293 4146 1376 4187 conv.
1389 4134 1436 4186 45.

258 4206 286 4272 ὁ)
306 4206 345 4262 Ut
370 4207 470 4260 noster
495 4221 531 4258 vv
551 4207 657 4260 63-68
683 4203 780 4259 locum
807 4204 928 4272 Vergilii
956 4203 1111 4272 detorquet
1139 4202 1169 4257 in
1194 4202 1361 4270 ridiculum,
1390 4203 1435 4257 sic

150 4279 297 4334 Lucienus
320 4279 350 4333 in
375 4277 511 4333 convivio
535 4291 653 4331 versum
674 4275 859 4330 Homericum
879 4275 973 4330 facete
992 4274 1139 4330 immiscet
1158 4274 1282 4329 orationi
1307 4287 1369 4343 cap.
1388 4276 1431 4341 44,

148 4351 202 4405 ubi
221 4364 334 4420 pugnas
353 4349 512 4404 rixantium
531 4347 774 4417 philosophorum
793 4346 933 4415 depingit.
1042 4346 1070 4410 6)
1090 4347 1126 4401 cl.
1147 4360 1209 4414 cap.
1228 4344 1275 4400 IX.

259 4422 286 4486 7)
305 4420 469 4476 Nocturnas
494 4420 639 4474 ebriorum
664 4432 777 4488 pugnas
803 4418 941 4486 Nigrinus
965 4415 1101 4486 obiurgat
1123 4431 1185 4486 cap.
1204 4418 1249 4470 22:
1273 4417 1383 4483 πλήρεις
1403 4417 1434 4467 δὲ

148 4497 237 4545 αὐτῶν
266 4497 316 4544 τῶν
346 4495 479 4556 ἐμούντων
508 4494 534 4544 οἱ
563 4493 723 4542 στενωποὶ
747 4491 794 4539 καὶ
821 4492 888 4552 πρὸς
915 4493 971 4551 τοῖς
1000 4491 1200 4554 χαμαιτυπείοις
1227 4490 1433 4553 μαχομένων.

149 4564 199 4630 (cf.
219 4562 284 4619 Sen.
304 4579 348 4634 ep.
362 4566 404 4619 51.
417 4561 463 4628 12.)
