<?xml version="1.0" encoding="UTF-8"?>
<!DOCTYPE html PUBLIC "-//W3C//DTD XHTML 1.0 Transitional//EN"
    "http://www.w3.org/TR/xhtml1/DTD/xhtml1-transitional.dtd">
<html xmlns="http://www.w3.org/1999/xhtml" xml:lang="en" lang="en">
 <head>
  <title>
</title>
<meta http-equiv="Content-Type" content="text/html;charset=utf-8" />
  <meta name='ocr-system' content='tesseract 3.04.00' />
  <meta name='ocr-capabilities' content='ocr_page ocr_carea ocr_par ocr_line ocrx_word'/>
</head>
<body>
  <div class='ocr_page' id='page_1' title='image "./juvenalisethicu00schgoog_0060.png"; bbox 0 0 3508 5302; ppageno 0'>
   <div class='ocr_carea' id='block_1_1' title="bbox 828 303 1026 366">
    <p class='ocr_par' dir='ltr' id='par_1_1' title="bbox 828 303 1026 366">
     <span class='ocr_line' id='line_1_1' title="bbox 828 303 1026 366; baseline 0 -20"><span class='ocrx_word' id='word_1_1' title='bbox 828 303 1026 366; x_wconf 78' lang='lat'>..48-</span> 
     </span>
    </p>
   </div>
   <div class='ocr_carea' id='block_1_2' title="bbox 283 513 1573 2027">
    <p class='ocr_par' dir='ltr' id='par_1_2' title="bbox 283 513 1573 1493">
     <span class='ocr_line' id='line_1_2' title="bbox 288 513 1571 602; baseline 0.002 -24"><span class='ocrx_word' id='word_1_2' title='bbox 288 515 400 600; x_wconf 82' lang='grc' dir='ltr'>ὄφελος</span> <span class='ocrx_word' id='word_1_3' title='bbox 413 516 433 599; x_wconf 79' lang='grc' dir='ltr'>ἢ</span> <span class='ocrx_word' id='word_1_4' title='bbox 448 514 612 598; x_wconf 59' lang='grc' dir='ltr'><strong>ὃόξηςῙΜ</strong></span> <span class='ocrx_word' id='word_1_5' title='bbox 627 515 792 600; x_wconf 83' lang='grc' dir='ltr'>δυνάμεως</span> <span class='ocrx_word' id='word_1_6' title='bbox 804 516 837 580; x_wconf 84' lang='grc' dir='ltr'>ἐν</span> <span class='ocrx_word' id='word_1_7' title='bbox 852 513 973 594; x_wconf 79' lang='grc' dir='ltr'><strong>αὐλαῖς,</strong></span> <span class='ocrx_word' id='word_1_8' title='bbox 981 513 1009 598; x_wconf 76' lang='lat'>2)</span> <span class='ocrx_word' id='word_1_9' title='bbox 1028 519 1066 580; x_wconf 82' lang='grc' dir='ltr'>ἂν</span> <span class='ocrx_word' id='word_1_10' title='bbox 1084 516 1127 600; x_wconf 83' lang='grc' dir='ltr'>μὴ</span> <span class='ocrx_word' id='word_1_11' title='bbox 1144 519 1179 578; x_wconf 84' lang='grc' dir='ltr'>τὸ</span> <span class='ocrx_word' id='word_1_12' title='bbox 1195 516 1360 601; x_wconf 82' lang='grc' dir='ltr'>χρώμενον</span> <span class='ocrx_word' id='word_1_13' title='bbox 1378 517 1571 602; x_wconf 80' lang='grc' dir='ltr'>εὐχάριστον</span> 
     </span>
     <span class='ocr_line' id='line_1_3' title="bbox 287 605 1568 690; baseline 0.001 -21"><span class='ocrx_word' id='word_1_14' title='bbox 287 607 309 689; x_wconf 76' lang='grc' dir='ltr'><strong>ᾖ</strong></span> <span class='ocrx_word' id='word_1_15' title='bbox 337 614 400 681; x_wconf 85' lang='grc' dir='ltr'><strong>τοῖς</strong></span> <span class='ocrx_word' id='word_1_16' title='bbox 428 605 539 689; x_wconf 79' lang='grc' dir='ltr'>ἔχουσι</span> <span class='ocrx_word' id='word_1_17' title='bbox 566 606 622 667; x_wconf 82' lang='grc' dir='ltr'>καὶ</span> <span class='ocrx_word' id='word_1_18' title='bbox 653 608 689 667; x_wconf 81' lang='grc' dir='ltr'>τὸ</span> <span class='ocrx_word' id='word_1_19' title='bbox 717 613 779 667; x_wconf 84' lang='grc' dir='ltr'>τῶν</span> <span class='ocrx_word' id='word_1_20' title='bbox 807 605 952 670; x_wconf 84' lang='grc' dir='ltr'>ἀπόντων</span> <span class='ocrx_word' id='word_1_21' title='bbox 983 606 1026 690; x_wconf 84' lang='grc' dir='ltr'>μὴ</span> <span class='ocrx_word' id='word_1_22' title='bbox 1056 605 1206 690; x_wconf 84' lang='grc' dir='ltr'>δεόμενον</span> <span class='ocrx_word' id='word_1_23' title='bbox 1236 607 1286 668; x_wconf 79' lang='grc' dir='ltr'>ἀεὶ</span> <span class='ocrx_word' id='word_1_24' title='bbox 1313 605 1568 690; x_wconf 43' lang='lat' dir='ltr'>aspersionem</span> 
     </span>
     <span class='ocr_line' id='line_1_4' title="bbox 287 691 1573 780; baseline 0.001 -22"><span class='ocrx_word' id='word_1_25' title='bbox 287 694 327 758; x_wconf 81' lang='lat' dir='ltr'>cf.</span> <span class='ocrx_word' id='word_1_26' title='bbox 346 715 415 778; x_wconf 88' lang='lat' dir='ltr'>cap.</span> <span class='ocrx_word' id='word_1_27' title='bbox 436 697 475 757; x_wconf 78' lang='lat'>12</span> <span class='ocrx_word' id='word_1_28' title='bbox 499 695 615 777; x_wconf 83' lang='grc' dir='ltr'>οὐγὰρ</span> <span class='ocrx_word' id='word_1_29' title='bbox 632 693 777 757; x_wconf 82' lang='grc' dir='ltr'>πλούσιοι</span> <span class='ocrx_word' id='word_1_30' title='bbox 798 694 891 780; x_wconf 82' lang='grc' dir='ltr'>μόνον</span> <span class='ocrx_word' id='word_1_31' title='bbox 913 695 991 780; x_wconf 83' lang='grc' dir='ltr'>ὁμοῦ</span> <span class='ocrx_word' id='word_1_32' title='bbox 1012 696 1068 757; x_wconf 84' lang='lat' dir='ltr'>nui</span> <span class='ocrx_word' id='word_1_33' title='bbox 1088 691 1217 778; x_wconf 62' lang='lat' dir='ltr'>repon)</span> <span class='ocrx_word' id='word_1_34' title='bbox 1233 696 1290 757; x_wconf 82' lang='lat' dir='ltr'>uui</span> <span class='ocrx_word' id='word_1_35' title='bbox 1306 692 1465 780; x_wconf 57' lang='lat' dir='ltr'>equod)</span> <span class='ocrx_word' id='word_1_36' title='bbox 1490 698 1573 760; x_wconf 80' lang='grc' dir='ltr'>εἶναι</span> 
     </span>
     <span class='ocr_line' id='line_1_5' title="bbox 288 781 1571 869; baseline 0.001 -22"><span class='ocrx_word' id='word_1_37' title='bbox 288 785 344 847; x_wconf 82' lang='grc' dir='ltr'>καὶ</span> <span class='ocrx_word' id='word_1_38' title='bbox 374 781 457 867; x_wconf 78' lang='grc' dir='ltr'>φίλοι</span> <span class='ocrx_word' id='word_1_39' title='bbox 487 781 680 868; x_wconf 48' lang='lat' dir='ltr'>ductitium)</span> <span class='ocrx_word' id='word_1_40' title='bbox 715 784 772 845; x_wconf 82' lang='lat' dir='ltr'>nat</span> <span class='ocrx_word' id='word_1_41' title='bbox 801 783 926 848; x_wconf 79' lang='grc' dir='ltr'>πόλεων</span> <span class='ocrx_word' id='word_1_42' title='bbox 963 786 1116 869; x_wconf 78' lang='grc' dir='ltr'>ἄρχοντες</span> <span class='ocrx_word' id='word_1_43' title='bbox 1146 781 1286 860; x_wconf 79' lang='grc' dir='ltr'>ἀξιοῦσιν</span> <span class='ocrx_word' id='word_1_44' title='bbox 1316 806 1346 846; x_wconf 84' lang='lat' dir='ltr'>u.</span> <span class='ocrx_word' id='word_1_45' title='bbox 1371 805 1397 847; x_wconf 90' lang='grc' dir='ltr'>τ.</span> <span class='ocrx_word' id='word_1_46' title='bbox 1422 784 1450 847; x_wconf 85' lang='grc' dir='ltr'>λ.</span> <span class='ocrx_word' id='word_1_47' title='bbox 1506 785 1571 856; x_wconf 82' lang='lat' dir='ltr'>Qui</span> 
     </span>
     <span class='ocr_line' id='line_1_6' title="bbox 288 871 1573 959; baseline 0.002 -22"><span class='ocrx_word' id='word_1_48' title='bbox 288 893 430 937; x_wconf 90' lang='lat' dir='ltr'>summos</span> <span class='ocrx_word' id='word_1_49' title='bbox 452 873 660 956; x_wconf 81' lang='lat' dir='ltr'><strong>magistratus</strong></span> <span class='ocrx_word' id='word_1_50' title='bbox 689 879 855 956; x_wconf 87' lang='lat' dir='ltr'>appetunt,</span> <span class='ocrx_word' id='word_1_51' title='bbox 883 871 1051 937; x_wconf 86' lang='lat' dir='ltr'>Juvenalis</span> <span class='ocrx_word' id='word_1_52' title='bbox 1078 873 1240 957; x_wconf 84' lang='lat' dir='ltr'>vituperat</span> <span class='ocrx_word' id='word_1_53' title='bbox 1267 895 1317 936; x_wconf 89' lang='lat' dir='ltr'>vv.</span> <span class='ocrx_word' id='word_1_54' title='bbox 1340 874 1438 959; x_wconf 79' lang='lat' dir='ltr'>tiOsq.</span> <span class='ocrx_word' id='word_1_55' title='bbox 1473 873 1573 939; x_wconf 89' lang='lat' dir='ltr'>Viros</span> 
     </span>
     <span class='ocr_line' id='line_1_7' title="bbox 287 961 1570 1047; baseline 0 -21"><span class='ocrx_word' id='word_1_56' title='bbox 287 963 342 1047; x_wconf 94' lang='lat' dir='ltr'>qui</span> <span class='ocrx_word' id='word_1_57' title='bbox 366 963 411 1026; x_wconf 89' lang='lat' dir='ltr'>sic</span> <span class='ocrx_word' id='word_1_58' title='bbox 436 961 622 1025; x_wconf 88' lang='lat' dir='ltr'>ambitiosos</span> <span class='ocrx_word' id='word_1_59' title='bbox 646 983 680 1026; x_wconf 92' lang='lat' dir='ltr'>se</span> <span class='ocrx_word' id='word_1_60' title='bbox 703 964 870 1045; x_wconf 84' lang='lat' dir='ltr'>praebent,</span> <span class='ocrx_word' id='word_1_61' title='bbox 895 963 1018 1026; x_wconf 81' lang='lat' dir='ltr'>Seneca</span> <span class='ocrx_word' id='word_1_62' title='bbox 1038 962 1245 1047; x_wconf 81' lang='lat' dir='ltr'>reprehendit</span> <span class='ocrx_word' id='word_1_63' title='bbox 1263 962 1303 1025; x_wconf 89' lang='lat' dir='ltr'>de</span> <span class='ocrx_word' id='word_1_64' title='bbox 1319 967 1422 1047; x_wconf 85' lang='lat' dir='ltr'>tranq.</span> <span class='ocrx_word' id='word_1_65' title='bbox 1441 983 1482 1026; x_wconf 88' lang='lat' dir='ltr'>an</span> <span class='ocrx_word' id='word_1_66' title='bbox 1498 966 1529 1027; x_wconf 85' lang='lat'>4.</span> <span class='ocrx_word' id='word_1_67' title='bbox 1542 982 1570 1034; x_wconf 84' lang='lat'>5.</span> 
     </span>
     <span class='ocr_line' id='line_1_8' title="bbox 287 1046 1571 1133; baseline 0 -20"><span class='ocrx_word' id='word_1_68' title='bbox 287 1048 365 1113; x_wconf 91' lang='lat' dir='ltr'>Non</span> <span class='ocrx_word' id='word_1_69' title='bbox 388 1047 437 1112; x_wconf 87' lang='lat' dir='ltr'>ais</span> <span class='ocrx_word' id='word_1_70' title='bbox 461 1047 550 1112; x_wconf 92' lang='lat' dir='ltr'>enim</span> <span class='ocrx_word' id='word_1_71' title='bbox 572 1046 640 1111; x_wconf 90' lang='lat' dir='ltr'>uisi</span> <span class='ocrx_word' id='word_1_72' title='bbox 663 1048 778 1113; x_wconf 89' lang='lat' dir='ltr'>consid</span> <span class='ocrx_word' id='word_1_73' title='bbox 802 1054 861 1113; x_wconf 90' lang='lat' dir='ltr'>aut</span> <span class='ocrx_word' id='word_1_74' title='bbox 872 1048 1030 1133; x_wconf 76' lang='lat' dir='ltr'>prytanis</span> <span class='ocrx_word' id='word_1_75' title='bbox 1055 1053 1114 1113; x_wconf 90' lang='lat' dir='ltr'>aut</span> <span class='ocrx_word' id='word_1_76' title='bbox 1136 1047 1227 1129; x_wconf 85' lang='lat' dir='ltr'>sufes</span> <span class='ocrx_word' id='word_1_77' title='bbox 1244 1047 1481 1114; x_wconf 86' lang='lat' dir='ltr'>administrare</span> <span class='ocrx_word' id='word_1_78' title='bbox 1499 1071 1571 1114; x_wconf 90' lang='lat' dir='ltr'>rem</span> 
     </span>
     <span class='ocr_line' id='line_1_9' title="bbox 283 1136 1570 1225; baseline 0.003 -23"><span class='ocrx_word' id='word_1_79' title='bbox 283 1136 456 1220; x_wconf 83' lang='lat' dir='ltr'>pubiicum</span> <span class='ocrx_word' id='word_1_80' title='bbox 471 1161 536 1224; x_wconf 87' lang='lat' dir='ltr'>eqs.</span> <span class='ocrx_word' id='word_1_81' title='bbox 555 1138 607 1219; x_wconf 86' lang='lat' dir='ltr'>(cf.</span> <span class='ocrx_word' id='word_1_82' title='bbox 626 1161 696 1225; x_wconf 87' lang='lat' dir='ltr'>cap.</span> <span class='ocrx_word' id='word_1_83' title='bbox 714 1140 744 1203; x_wconf 91' lang='lat'>3.</span> <span class='ocrx_word' id='word_1_84' title='bbox 756 1141 786 1220; x_wconf 86' lang='lat'>4)</span> <span class='ocrx_word' id='word_1_85' title='bbox 802 1176 843 1184; x_wconf 92' lang='lat'>—</span> <span class='ocrx_word' id='word_1_86' title='bbox 860 1140 953 1205; x_wconf 88' lang='lat' dir='ltr'>Plato</span> <span class='ocrx_word' id='word_1_87' title='bbox 970 1147 1161 1225; x_wconf 82' lang='lat' dir='ltr'>personatus</span> <span class='ocrx_word' id='word_1_88' title='bbox 1177 1141 1342 1205; x_wconf 84' lang='lat' dir='ltr'>Socratem</span> <span class='ocrx_word' id='word_1_89' title='bbox 1358 1141 1570 1206; x_wconf 86' lang='lat' dir='ltr'>disserentem</span> 
     </span>
     <span class='ocr_line' id='line_1_10' title="bbox 288 1229 1573 1316; baseline 0.002 -23"><span class='ocrx_word' id='word_1_90' title='bbox 288 1230 391 1314; x_wconf 87' lang='lat' dir='ltr'>fingit,</span> <span class='ocrx_word' id='word_1_91' title='bbox 409 1250 506 1313; x_wconf 87' lang='lat' dir='ltr'>quarn</span> <span class='ocrx_word' id='word_1_92' title='bbox 519 1250 584 1293; x_wconf 93' lang='lat' dir='ltr'>non</span> <span class='ocrx_word' id='word_1_93' title='bbox 596 1229 812 1315; x_wconf 82' lang='lat' dir='ltr'>expetendum</span> <span class='ocrx_word' id='word_1_94' title='bbox 824 1231 866 1294; x_wconf 86' lang='lat' dir='ltr'>sit</span> <span class='ocrx_word' id='word_1_95' title='bbox 876 1251 1039 1303; x_wconf 84' lang='lat' dir='ltr'>summum</span> <span class='ocrx_word' id='word_1_96' title='bbox 1052 1231 1190 1294; x_wconf 89' lang='lat' dir='ltr'>civitatis</span> <span class='ocrx_word' id='word_1_97' title='bbox 1200 1231 1373 1314; x_wconf 90' lang='lat' dir='ltr'>imperium</span> <span class='ocrx_word' id='word_1_98' title='bbox 1385 1238 1573 1316; x_wconf 88' lang='lat' dir='ltr'>quantaque</span> 
     </span>
     <span class='ocr_line' id='line_1_11' title="bbox 287 1319 1572 1405; baseline 0 -21"><span class='ocrx_word' id='word_1_99' title='bbox 287 1319 431 1405; x_wconf 90' lang='lat' dir='ltr'>pericula</span> <span class='ocrx_word' id='word_1_100' title='bbox 464 1319 503 1383; x_wconf 94' lang='lat' dir='ltr'>iis</span> <span class='ocrx_word' id='word_1_101' title='bbox 537 1319 738 1401; x_wconf 87' lang='lat' dir='ltr'>immineant,</span> <span class='ocrx_word' id='word_1_102' title='bbox 777 1319 832 1404; x_wconf 94' lang='lat' dir='ltr'>qui</span> <span class='ocrx_word' id='word_1_103' title='bbox 865 1320 1041 1404; x_wconf 89' lang='lat' dir='ltr'>plurimum</span> <span class='ocrx_word' id='word_1_104' title='bbox 1075 1321 1205 1384; x_wconf 86' lang='lat' dir='ltr'>valeant</span> <span class='ocrx_word' id='word_1_105' title='bbox 1238 1321 1271 1384; x_wconf 96' lang='lat' dir='ltr'>in</span> <span class='ocrx_word' id='word_1_106' title='bbox 1306 1319 1505 1404; x_wconf 66' lang='lat' dir='ltr'>republican</span> <span class='ocrx_word' id='word_1_107' title='bbox 1539 1327 1572 1385; x_wconf 93' lang='lat' dir='ltr'>et</span> 
     </span>
     <span class='ocr_line' id='line_1_12' title="bbox 289 1406 1026 1493; baseline 0 -20"><span class='ocrx_word' id='word_1_108' title='bbox 289 1409 465 1473; x_wconf 85' lang='lat' dir='ltr'>abutantur</span> <span class='ocrx_word' id='word_1_109' title='bbox 486 1410 644 1493; x_wconf 89' lang='lat' dir='ltr'>potentia:</span> <span class='ocrx_word' id='word_1_110' title='bbox 670 1409 739 1472; x_wconf 88' lang='lat' dir='ltr'>Alc.</span> <span class='ocrx_word' id='word_1_111' title='bbox 756 1408 798 1472; x_wconf 91' lang='grc' dir='ltr'>ΙΙ.</span> <span class='ocrx_word' id='word_1_112' title='bbox 819 1410 879 1473; x_wconf 87' lang='grc'>141</span> <span class='ocrx_word' id='word_1_113' title='bbox 902 1406 1026 1488; x_wconf 77' lang='grc' dir='ltr'><strong>Α-ο.7)</strong></span> 
     </span>
    </p>

    <p class='ocr_par' dir='ltr' id='par_1_3' title="bbox 287 1497 1573 2027">
     <span class='ocr_line' id='line_1_13' title="bbox 394 1497 1570 1583; baseline 0.001 -21"><span class='ocrx_word' id='word_1_114' title='bbox 394 1497 548 1562; x_wconf 88' lang='lat' dir='ltr'>Potentes</span> <span class='ocrx_word' id='word_1_115' title='bbox 575 1498 615 1562; x_wconf 87' lang='lat' dir='ltr'>ad</span> <span class='ocrx_word' id='word_1_116' title='bbox 639 1499 820 1581; x_wconf 88' lang='lat' dir='ltr'>superiores</span> <span class='ocrx_word' id='word_1_117' title='bbox 843 1499 964 1583; x_wconf 84' lang='lat' dir='ltr'>gradus</span> <span class='ocrx_word' id='word_1_118' title='bbox 986 1520 1114 1583; x_wconf 89' lang='lat' dir='ltr'>semper</span> <span class='ocrx_word' id='word_1_119' title='bbox 1142 1499 1316 1564; x_wconf 89' lang='lat' dir='ltr'>ascendere</span> <span class='ocrx_word' id='word_1_120' title='bbox 1339 1498 1422 1562; x_wconf 83' lang='lat' dir='ltr'>velle</span> <span class='ocrx_word' id='word_1_121' title='bbox 1446 1499 1570 1563; x_wconf 87' lang='lat' dir='ltr'>Seneca</span> 
     </span>
     <span class='ocr_line' id='line_1_14' title="bbox 287 1583 1573 1668; baseline -0.002 -18"><span class='ocrx_word' id='word_1_122' title='bbox 287 1588 483 1652; x_wconf 88' lang='lat' dir='ltr'>lamentatur</span> <span class='ocrx_word' id='word_1_123' title='bbox 510 1587 550 1651; x_wconf 91' lang='lat' dir='ltr'>de</span> <span class='ocrx_word' id='word_1_124' title='bbox 578 1588 651 1652; x_wconf 89' lang='lat' dir='ltr'>ben.</span> <span class='ocrx_word' id='word_1_125' title='bbox 672 1586 743 1651; x_wconf 84' lang='lat' dir='ltr'><strong>VII.</strong></span> <span class='ocrx_word' id='word_1_126' title='bbox 769 1587 831 1657; x_wconf 87' lang='lat'>3.1</span> <span class='ocrx_word' id='word_1_127' title='bbox 863 1585 968 1665; x_wconf 81' lang='lat' dir='ltr'>Quem</span> <span class='ocrx_word' id='word_1_128' title='bbox 997 1585 1154 1668; x_wconf 84' lang='lat' dir='ltr'>invenies,</span> <span class='ocrx_word' id='word_1_129' title='bbox 1186 1584 1241 1650; x_wconf 92' lang='lat' dir='ltr'>cni</span> <span class='ocrx_word' id='word_1_130' title='bbox 1271 1585 1406 1649; x_wconf 90' lang='lat' dir='ltr'>modum</span> <span class='ocrx_word' id='word_1_131' title='bbox 1435 1583 1573 1667; x_wconf 88' lang='lat' dir='ltr'>imperii</span> 
     </span>
     <span class='ocr_line' id='line_1_15' title="bbox 287 1672 1572 1758; baseline 0 -20"><span class='ocrx_word' id='word_1_132' title='bbox 287 1673 423 1739; x_wconf 80' lang='lat' dir='ltr'>satietas</span> <span class='ocrx_word' id='word_1_133' title='bbox 446 1673 572 1756; x_wconf 80' lang='lat' dir='ltr'>fecerit,</span> <span class='ocrx_word' id='word_1_134' title='bbox 597 1672 654 1755; x_wconf 81' lang='lat' dir='ltr'>qui</span> <span class='ocrx_word' id='word_1_135' title='bbox 671 1695 737 1739; x_wconf 92' lang='lat' dir='ltr'>non</span> <span class='ocrx_word' id='word_1_136' title='bbox 753 1673 855 1738; x_wconf 85' lang='lat' dir='ltr'>vitam</span> <span class='ocrx_word' id='word_1_137' title='bbox 875 1674 989 1756; x_wconf 78' lang='lat' dir='ltr'>atique</span> <span class='ocrx_word' id='word_1_138' title='bbox 1004 1674 1147 1740; x_wconf 87' lang='lat' dir='ltr'>ulterius</span> <span class='ocrx_word' id='word_1_139' title='bbox 1158 1673 1360 1758; x_wconf 85' lang='lat' dir='ltr'>procedendi</span> <span class='ocrx_word' id='word_1_140' title='bbox 1376 1673 1572 1758; x_wconf 78' lang='lat' dir='ltr'>capitatione</span> 
     </span>
     <span class='ocr_line' id='line_1_16' title="bbox 287 1761 1572 1849; baseline 0 -21"><span class='ocrx_word' id='word_1_141' title='bbox 287 1761 436 1843; x_wconf 69' lang='lat' dir='ltr'>finierit?</span> <span class='ocrx_word' id='word_1_142' title='bbox 469 1762 539 1828; x_wconf 90' lang='lat' dir='ltr'>Nec</span> <span class='ocrx_word' id='word_1_143' title='bbox 563 1761 597 1827; x_wconf 91' lang='lat' dir='ltr'>id</span> <span class='ocrx_word' id='word_1_144' title='bbox 621 1762 745 1827; x_wconf 88' lang='lat' dir='ltr'>mirum</span> <span class='ocrx_word' id='word_1_145' title='bbox 768 1768 832 1843; x_wconf 85' lang='lat' dir='ltr'>est,·</span> <span class='ocrx_word' id='word_1_146' title='bbox 856 1762 1013 1849; x_wconf 77' lang='lat' dir='ltr'>quicquid</span> <span class='ocrx_word' id='word_1_147' title='bbox 1038 1763 1215 1847; x_wconf 88' lang='lat' dir='ltr'>cupiditati</span> <span class='ocrx_word' id='word_1_148' title='bbox 1243 1763 1411 1848; x_wconf 84' lang='lat' dir='ltr'>continpit,</span> <span class='ocrx_word' id='word_1_149' title='bbox 1432 1763 1572 1846; x_wconf 89' lang='lat' dir='ltr'>penitus</span> 
     </span>
     <span class='ocr_line' id='line_1_17' title="bbox 289 1851 1571 1936; baseline 0.002 -20"><span class='ocrx_word' id='word_1_150' title='bbox 289 1851 446 1918; x_wconf 87' lang='lat' dir='ltr'>hauritur</span> <span class='ocrx_word' id='word_1_151' title='bbox 469 1857 500 1916; x_wconf 90' lang='lat' dir='ltr'>et</span> <span class='ocrx_word' id='word_1_152' title='bbox 523 1852 677 1917; x_wconf 90' lang='lat' dir='ltr'>conditur</span> <span class='ocrx_word' id='word_1_153' title='bbox 701 1873 759 1917; x_wconf 92' lang='lat' dir='ltr'>nec</span> <span class='ocrx_word' id='word_1_154' title='bbox 775 1852 920 1936; x_wconf 88' lang='lat' dir='ltr'>interest,</span> <span class='ocrx_word' id='word_1_155' title='bbox 946 1858 1109 1936; x_wconf 81' lang='lat' dir='ltr'>quantum</span> <span class='ocrx_word' id='word_1_156' title='bbox 1124 1873 1169 1936; x_wconf 90' lang='lat' dir='ltr'>eo,</span> <span class='ocrx_word' id='word_1_157' title='bbox 1194 1854 1281 1934; x_wconf 78' lang='lat' dir='ltr'>pared</span> <span class='ocrx_word' id='word_1_158' title='bbox 1295 1853 1494 1936; x_wconf 77' lang='lat' dir='ltr'>inexplebile</span> <span class='ocrx_word' id='word_1_159' title='bbox 1511 1859 1571 1936; x_wconf 89' lang='lat' dir='ltr'>est,</span> 
     </span>
     <span class='ocr_line' id='line_1_18' title="bbox 289 1945 910 2027; baseline 0 -20"><span class='ocrx_word' id='word_1_160' title='bbox 289 1962 454 2027; x_wconf 82' lang='lat' dir='ltr'>conpares.</span> <span class='ocrx_word' id='word_1_161' title='bbox 490 1945 532 2009; x_wconf 83' lang='lat' dir='ltr'>cf.</span> <span class='ocrx_word' id='word_1_162' title='bbox 556 1945 632 2009; x_wconf 86' lang='lat' dir='ltr'>Juv.</span> <span class='ocrx_word' id='word_1_163' title='bbox 655 1967 707 2008; x_wconf 88' lang='lat' dir='ltr'>vv.</span> <span class='ocrx_word' id='word_1_164' title='bbox 728 1946 910 2010; x_wconf 84' lang='lat'>104-111.</span> 
     </span>
    </p>
   </div>
   <div class='ocr_carea' id='block_1_3' title="bbox 502 2047 1386 2756">
    <p class='ocr_par' dir='ltr' id='par_1_4' title="bbox 545 2047 1177 2131">
     <span class='ocr_line' id='line_1_19' title="bbox 545 2047 1177 2131; baseline -0.002 -17"><span class='ocrx_word' id='word_1_165' title='bbox 545 2048 636 2114; x_wconf 90' lang='lat' dir='ltr'>Num</span> <span class='ocrx_word' id='word_1_166' title='bbox 659 2047 717 2130; x_wconf 77' lang='lat' dir='ltr'>qui</span> <span class='ocrx_word' id='word_1_167' title='bbox 739 2047 860 2113; x_wconf 90' lang='lat' dir='ltr'>nimios</span> <span class='ocrx_word' id='word_1_168' title='bbox 884 2049 1016 2131; x_wconf 85' lang='lat' dir='ltr'>optabat</span> <span class='ocrx_word' id='word_1_169' title='bbox 1040 2049 1177 2114; x_wconf 87' lang='lat' dir='ltr'>honores</span> 
     </span>
    </p>

    <p class='ocr_par' dir='ltr' id='par_1_5' title="bbox 502 2136 1386 2756">
     <span class='ocr_line' id='line_1_20' title="bbox 503 2136 1328 2221; baseline -0.001 -19"><span class='ocrx_word' id='word_1_170' title='bbox 503 2143 533 2202; x_wconf 92' lang='lat' dir='ltr'>et</span> <span class='ocrx_word' id='word_1_171' title='bbox 557 2136 680 2202; x_wconf 87' lang='lat' dir='ltr'>nimias</span> <span class='ocrx_word' id='word_1_172' title='bbox 699 2138 853 2220; x_wconf 86' lang='lat' dir='ltr'>poscebat</span> <span class='ocrx_word' id='word_1_173' title='bbox 877 2159 961 2221; x_wconf 86' lang='lat' dir='ltr'>opes,</span> <span class='ocrx_word' id='word_1_174' title='bbox 987 2159 1164 2203; x_wconf 85' lang='lat' dir='ltr'>numerosa</span> <span class='ocrx_word' id='word_1_175' title='bbox 1183 2136 1328 2219; x_wconf 84' lang='lat' dir='ltr'>parabat</span> 
     </span>
     <span class='ocr_line' id='line_1_21' title="bbox 504 2225 1304 2304; baseline -0.004 -12"><span class='ocrx_word' id='word_1_176' title='bbox 504 2227 651 2292; x_wconf 83' lang='lat' dir='ltr'>excelsae</span> <span class='ocrx_word' id='word_1_177' title='bbox 676 2226 781 2292; x_wconf 87' lang='lat' dir='ltr'>turris</span> <span class='ocrx_word' id='word_1_178' title='bbox 806 2227 964 2304; x_wconf 85' lang='lat' dir='ltr'>tabutata,</span> <span class='ocrx_word' id='word_1_179' title='bbox 989 2228 1077 2291; x_wconf 92' lang='lat' dir='ltr'>unde</span> <span class='ocrx_word' id='word_1_180' title='bbox 1102 2225 1201 2292; x_wconf 88' lang='lat' dir='ltr'>altior</span> <span class='ocrx_word' id='word_1_181' title='bbox 1224 2230 1304 2292; x_wconf 87' lang='lat' dir='ltr'>esset</span> 
     </span>
     <span class='ocr_line' id='line_1_22' title="bbox 503 2313 1342 2399; baseline 0 -19"><span class='ocrx_word' id='word_1_182' title='bbox 503 2336 599 2381; x_wconf 87' lang='lat' dir='ltr'>casus</span> <span class='ocrx_word' id='word_1_183' title='bbox 623 2321 654 2380; x_wconf 92' lang='lat' dir='ltr'>et</span> <span class='ocrx_word' id='word_1_184' title='bbox 677 2315 840 2399; x_wconf 78' lang='lat' dir='ltr'>impulsae</span> <span class='ocrx_word' id='word_1_185' title='bbox 859 2336 1021 2399; x_wconf 87' lang='lat' dir='ltr'>praeceps</span> <span class='ocrx_word' id='word_1_186' title='bbox 1044 2316 1188 2380; x_wconf 88' lang='lat' dir='ltr'>immane</span> <span class='ocrx_word' id='word_1_187' title='bbox 1212 2313 1342 2381; x_wconf 90' lang='lat' dir='ltr'>ruinae.</span> 
     </span>
     <span class='ocr_line' id='line_1_23' title="bbox 503 2403 1386 2489; baseline -0.003 -20"><span class='ocrx_word' id='word_1_188' title='bbox 503 2404 593 2485; x_wconf 80' lang='lat' dir='ltr'>Quid</span> <span class='ocrx_word' id='word_1_189' title='bbox 616 2405 761 2487; x_wconf 80' lang='lat' dir='ltr'>Crassos,</span> <span class='ocrx_word' id='word_1_190' title='bbox 786 2404 866 2487; x_wconf 80' lang='lat' dir='ltr'>quid</span> <span class='ocrx_word' id='word_1_191' title='bbox 888 2405 1065 2489; x_wconf 87' lang='lat' dir='ltr'>Pompeios</span> <span class='ocrx_word' id='word_1_192' title='bbox 1088 2404 1203 2470; x_wconf 84' lang='lat' dir='ltr'>evert&#39;t</span> <span class='ocrx_word' id='word_1_193' title='bbox 1226 2409 1257 2469; x_wconf 90' lang='lat' dir='ltr'>et</span> <span class='ocrx_word' id='word_1_194' title='bbox 1279 2403 1386 2486; x_wconf 84' lang='lat' dir='ltr'>iilum,</span> 
     </span>
     <span class='ocr_line' id='line_1_24' title="bbox 502 2492 1359 2579; baseline -0.001 -20"><span class='ocrx_word' id='word_1_195' title='bbox 502 2495 546 2559; x_wconf 92' lang='lat' dir='ltr'>ad</span> <span class='ocrx_word' id='word_1_196' title='bbox 568 2515 631 2559; x_wconf 87' lang='lat' dir='ltr'>sua</span> <span class='ocrx_word' id='word_1_197' title='bbox 654 2494 712 2577; x_wconf 81' lang='lat' dir='ltr'>qui</span> <span class='ocrx_word' id='word_1_198' title='bbox 735 2494 872 2560; x_wconf 88' lang='lat' dir='ltr'>domitos</span> <span class='ocrx_word' id='word_1_199' title='bbox 896 2494 1037 2559; x_wconf 78' lang='lat' dir='ltr'>deduscit</span> <span class='ocrx_word' id='word_1_200' title='bbox 1058 2495 1167 2579; x_wconf 71' lang='lat' dir='ltr'>stupra</span> <span class='ocrx_word' id='word_1_201' title='bbox 1190 2492 1359 2574; x_wconf 79' lang='lat' dir='ltr'>Quirites?</span> 
     </span>
     <span class='ocr_line' id='line_1_25' title="bbox 503 2582 1365 2665; baseline -0.003 -16"><span class='ocrx_word' id='word_1_202' title='bbox 503 2583 662 2649; x_wconf 82' lang='lat' dir='ltr'>Summus</span> <span class='ocrx_word' id='word_1_203' title='bbox 685 2604 801 2665; x_wconf 91' lang='lat' dir='ltr'>nempe</span> <span class='ocrx_word' id='word_1_204' title='bbox 826 2584 916 2649; x_wconf 81' lang='lat' dir='ltr'>locus</span> <span class='ocrx_word' id='word_1_205' title='bbox 939 2585 1035 2648; x_wconf 88' lang='lat' dir='ltr'>natta</span> <span class='ocrx_word' id='word_1_206' title='bbox 1058 2605 1125 2649; x_wconf 91' lang='lat' dir='ltr'>non</span> <span class='ocrx_word' id='word_1_207' title='bbox 1149 2588 1218 2648; x_wconf 88' lang='lat' dir='ltr'>arte</span> <span class='ocrx_word' id='word_1_208' title='bbox 1238 2582 1365 2665; x_wconf 86' lang='lat' dir='ltr'>petitus</span> 
     </span>
     <span class='ocr_line' id='line_1_26' title="bbox 503 2670 1378 2756; baseline -0.003 -18"><span class='ocrx_word' id='word_1_209' title='bbox 503 2693 689 2756; x_wconf 80' lang='lat' dir='ltr'>mapnaque</span> <span class='ocrx_word' id='word_1_210' title='bbox 713 2671 908 2738; x_wconf 80' lang='lat' dir='ltr'>numinibus</span> <span class='ocrx_word' id='word_1_211' title='bbox 930 2678 1005 2738; x_wconf 87' lang='lat' dir='ltr'>vota</span> <span class='ocrx_word' id='word_1_212' title='bbox 1028 2672 1190 2738; x_wconf 81' lang='lat' dir='ltr'>exauditu</span> <span class='ocrx_word' id='word_1_213' title='bbox 1212 2670 1378 2754; x_wconf 82' lang='lat' dir='ltr'>matipnis.</span> 
     </span>
    </p>
   </div>
   <div class='ocr_carea' id='block_1_4' title="bbox 289 2795 1573 3147">
    <p class='ocr_par' dir='ltr' id='par_1_6' title="bbox 289 2795 1573 3147">
     <span class='ocr_line' id='line_1_27' title="bbox 397 2795 1573 2885; baseline -0.002 -21"><span class='ocrx_word' id='word_1_214' title='bbox 397 2798 635 2882; x_wconf 82' lang='lat' dir='ltr'>Confraposam</span> <span class='ocrx_word' id='word_1_215' title='bbox 649 2797 687 2862; x_wconf 91' lang='lat' dir='ltr'>in</span> <span class='ocrx_word' id='word_1_216' title='bbox 701 2795 877 2880; x_wconf 79' lang='lat' dir='ltr'>fastipium</span> <span class='ocrx_word' id='word_1_217' title='bbox 892 2796 1066 2882; x_wconf 80' lang='lat' dir='ltr'>dipnitutis</span> <span class='ocrx_word' id='word_1_218' title='bbox 1081 2796 1170 2861; x_wconf 86' lang='lat' dir='ltr'>aiam</span> <span class='ocrx_word' id='word_1_219' title='bbox 1186 2817 1253 2861; x_wconf 86' lang='lat' dir='ltr'>esse</span> <span class='ocrx_word' id='word_1_220' title='bbox 1270 2804 1435 2885; x_wconf 83' lang='lat' dir='ltr'>exponunt</span> <span class='ocrx_word' id='word_1_221' title='bbox 1447 2799 1573 2863; x_wconf 84' lang='lat' dir='ltr'>Seneca</span> 
     </span>
     <span class='ocr_line' id='line_1_28' title="bbox 290 2885 1572 2974; baseline -0.005 -20"><span class='ocrx_word' id='word_1_222' title='bbox 290 2911 328 2954; x_wconf 92' lang='lat' dir='ltr'>ac</span> <span class='ocrx_word' id='word_1_223' title='bbox 343 2887 560 2972; x_wconf 84' lang='lat' dir='ltr'>Lucretius:⁸)</span> <span class='ocrx_word' id='word_1_224' title='bbox 579 2889 610 2954; x_wconf 89' lang='lat' dir='ltr'>S.</span> <span class='ocrx_word' id='word_1_225' title='bbox 629 2911 679 2974; x_wconf 91' lang='lat' dir='ltr'>ep.</span> <span class='ocrx_word' id='word_1_226' title='bbox 693 2890 745 2954; x_wconf 87' lang='grc'>84.</span> <span class='ocrx_word' id='word_1_227' title='bbox 762 2909 792 2960; x_wconf 85' lang='lat'>11</span> <span class='ocrx_word' id='word_1_228' title='bbox 809 2886 974 2968; x_wconf 79' lang='lat' dir='ltr'>Relinque</span> <span class='ocrx_word' id='word_1_229' title='bbox 992 2886 1168 2967; x_wconf 67' lang='lat' dir='ltr'>ambitum,</span> <span class='ocrx_word' id='word_1_230' title='bbox 1185 2885 1315 2950; x_wconf 89' lang='lat' dir='ltr'>tumida</span> <span class='ocrx_word' id='word_1_231' title='bbox 1330 2907 1383 2951; x_wconf 87' lang='lat' dir='ltr'>res</span> <span class='ocrx_word' id='word_1_232' title='bbox 1399 2890 1455 2968; x_wconf 85' lang='lat' dir='ltr'>est,</span> <span class='ocrx_word' id='word_1_233' title='bbox 1472 2905 1572 2966; x_wconf 84' lang='lat' dir='ltr'>nunu,</span> 
     </span>
     <span class='ocr_line' id='line_1_29' title="bbox 289 2974 1571 3059; baseline -0.002 -19"><span class='ocrx_word' id='word_1_234' title='bbox 289 2982 432 3059; x_wconf 85' lang='lat' dir='ltr'>ventosa,</span> <span class='ocrx_word' id='word_1_235' title='bbox 461 2976 594 3040; x_wconf 88' lang='lat' dir='ltr'>nattum</span> <span class='ocrx_word' id='word_1_236' title='bbox 617 2975 712 3041; x_wconf 81' lang='lat' dir='ltr'>habet</span> <span class='ocrx_word' id='word_1_237' title='bbox 736 2974 924 3051; x_wconf 89' lang='lat' dir='ltr'>terminum,</span> <span class='ocrx_word' id='word_1_238' title='bbox 954 2980 1022 3040; x_wconf 91' lang='lat' dir='ltr'>tam</span> <span class='ocrx_word' id='word_1_239' title='bbox 1048 2974 1191 3040; x_wconf 83' lang='lat' dir='ltr'>sollicita</span> <span class='ocrx_word' id='word_1_240' title='bbox 1214 2980 1271 3058; x_wconf 90' lang='lat' dir='ltr'>est,</span> <span class='ocrx_word' id='word_1_241' title='bbox 1301 2996 1341 3039; x_wconf 88' lang='lat' dir='ltr'>ne</span> <span class='ocrx_word' id='word_1_242' title='bbox 1370 2995 1466 3057; x_wconf 78' lang='lat' dir='ltr'>quem</span> <span class='ocrx_word' id='word_1_243' title='bbox 1494 2978 1571 3039; x_wconf 88' lang='lat' dir='ltr'>ante</span> 
     </span>
     <span class='ocr_line' id='line_1_30' title="bbox 290 3061 1572 3147; baseline 0 -17"><span class='ocrx_word' id='word_1_244' title='bbox 290 3087 323 3130; x_wconf 87' lang='lat' dir='ltr'>se</span> <span class='ocrx_word' id='word_1_245' title='bbox 347 3065 457 3130; x_wconf 88' lang='lat' dir='ltr'>videat</span> <span class='ocrx_word' id='word_1_246' title='bbox 480 3085 580 3146; x_wconf 77' lang='lat' dir='ltr'>quarn</span> <span class='ocrx_word' id='word_1_247' title='bbox 603 3086 643 3129; x_wconf 91' lang='lat' dir='ltr'>ne</span> <span class='ocrx_word' id='word_1_248' title='bbox 663 3069 741 3147; x_wconf 91' lang='lat' dir='ltr'>post</span> <span class='ocrx_word' id='word_1_249' title='bbox 763 3085 806 3130; x_wconf 89' lang='lat' dir='ltr'>se.</span> <span class='ocrx_word' id='word_1_250' title='bbox 844 3065 992 3130; x_wconf 81' lang='lat' dir='ltr'>Laborat</span> <span class='ocrx_word' id='word_1_251' title='bbox 1012 3063 1140 3129; x_wconf 83' lang='lat' dir='ltr'>inuidia</span> <span class='ocrx_word' id='word_1_252' title='bbox 1163 3068 1194 3128; x_wconf 90' lang='lat' dir='ltr'>et</span> <span class='ocrx_word' id='word_1_253' title='bbox 1217 3063 1350 3147; x_wconf 80' lang='lat' dir='ltr'>quidem</span> <span class='ocrx_word' id='word_1_254' title='bbox 1366 3061 1493 3147; x_wconf 82' lang='lat' dir='ltr'>duplici</span> <span class='ocrx_word' id='word_1_255' title='bbox 1509 3074 1572 3130; x_wconf 92' lang='lat' dir='ltr'>etc.</span> 
     </span>
    </p>
   </div>
   <div class='ocr_carea' id='block_1_5' title="bbox 291 3155 914 3242">
    <p class='ocr_par' dir='ltr' id='par_1_7' title="bbox 291 3155 914 3242">
     <span class='ocr_line' id='line_1_31' title="bbox 291 3155 914 3242; baseline -0.002 -19"><span class='ocrx_word' id='word_1_256' title='bbox 291 3159 331 3223; x_wconf 88' lang='lat' dir='ltr'>cf.</span> <span class='ocrx_word' id='word_1_257' title='bbox 357 3180 386 3222; x_wconf 87' lang='lat' dir='ltr'>v.</span> <span class='ocrx_word' id='word_1_258' title='bbox 405 3159 447 3222; x_wconf 79' lang='lat'>56</span> <span class='ocrx_word' id='word_1_259' title='bbox 460 3187 503 3242; x_wconf 91' lang='lat' dir='ltr'>sq.</span> <span class='ocrx_word' id='word_1_260' title='bbox 528 3193 569 3201; x_wconf 93' lang='lat'><em>-</em></span> <span class='ocrx_word' id='word_1_261' title='bbox 593 3156 689 3221; x_wconf 91' lang='lat' dir='ltr'>Lucr.</span> <span class='ocrx_word' id='word_1_262' title='bbox 706 3155 745 3220; x_wconf 86' lang='lat' dir='ltr'>V.</span> <span class='ocrx_word' id='word_1_263' title='bbox 774 3158 859 3222; x_wconf 77' lang='lat'>1120</span> <span class='ocrx_word' id='word_1_264' title='bbox 871 3187 914 3240; x_wconf 87' lang='lat' dir='ltr'>sq.</span> 
     </span>
    </p>
   </div>
   <div class='ocr_carea' id='block_1_6' title="bbox 363 3260 1439 3879">
    <p class='ocr_par' dir='ltr' id='par_1_8' title="bbox 419 3260 1439 3700">
     <span class='ocr_line' id='line_1_32' title="bbox 420 3260 1320 3344; baseline 0 -18"><span class='ocrx_word' id='word_1_265' title='bbox 420 3263 466 3326; x_wconf 90' lang='lat' dir='ltr'>At</span> <span class='ocrx_word' id='word_1_266' title='bbox 489 3261 595 3326; x_wconf 83' lang='lat' dir='ltr'>claros</span> <span class='ocrx_word' id='word_1_267' title='bbox 619 3260 765 3326; x_wconf 87' lang='lat' dir='ltr'>homines</span> <span class='ocrx_word' id='word_1_268' title='bbox 787 3260 964 3326; x_wconf 81' lang='lat' dir='ltr'>potueruut</span> <span class='ocrx_word' id='word_1_269' title='bbox 985 3282 1019 3326; x_wconf 88' lang='lat' dir='ltr'>se</span> <span class='ocrx_word' id='word_1_270' title='bbox 1044 3265 1140 3343; x_wconf 80' lang='lat' dir='ltr'>atque</span> <span class='ocrx_word' id='word_1_271' title='bbox 1160 3265 1320 3344; x_wconf 86' lang='lat' dir='ltr'>potentes,</span> 
     </span>
     <span class='ocr_line' id='line_1_33' title="bbox 419 3349 1165 3433; baseline -0.001 -18"><span class='ocrx_word' id='word_1_272' title='bbox 419 3355 458 3416; x_wconf 88' lang='lat' dir='ltr'>ut</span> <span class='ocrx_word' id='word_1_273' title='bbox 479 3350 697 3433; x_wconf 80' lang='lat' dir='ltr'>fundamento</span> <span class='ocrx_word' id='word_1_274' title='bbox 721 3349 832 3416; x_wconf 81' lang='lat' dir='ltr'>stabili</span> <span class='ocrx_word' id='word_1_275' title='bbox 854 3350 993 3433; x_wconf 80' lang='lat' dir='ltr'>fortuna</span> <span class='ocrx_word' id='word_1_276' title='bbox 1015 3355 1165 3415; x_wconf 89' lang='lat' dir='ltr'>maneret</span> 
     </span>
     <span class='ocr_line' id='line_1_34' title="bbox 419 3438 1246 3524; baseline -0.004 -18"><span class='ocrx_word' id='word_1_277' title='bbox 419 3445 452 3506; x_wconf 88' lang='lat' dir='ltr'>et</span> <span class='ocrx_word' id='word_1_278' title='bbox 469 3439 642 3522; x_wconf 83' lang='lat' dir='ltr'>placidam</span> <span class='ocrx_word' id='word_1_279' title='bbox 660 3445 797 3522; x_wconf 88' lang='lat' dir='ltr'>possent</span> <span class='ocrx_word' id='word_1_280' title='bbox 820 3438 967 3523; x_wconf 84' lang='lat' dir='ltr'>opulenti</span> <span class='ocrx_word' id='word_1_281' title='bbox 991 3439 1105 3524; x_wconf 81' lang='lat' dir='ltr'>depere</span> <span class='ocrx_word' id='word_1_282' title='bbox 1128 3439 1246 3504; x_wconf 85' lang='lat' dir='ltr'>citam:</span> 
     </span>
     <span class='ocr_line' id='line_1_35' title="bbox 420 3528 1439 3613; baseline -0.004 -19"><span class='ocrx_word' id='word_1_283' title='bbox 420 3529 629 3613; x_wconf 77' lang='lat' dir='ltr'>nequiquam,</span> <span class='ocrx_word' id='word_1_284' title='bbox 655 3529 810 3609; x_wconf 79' lang='lat' dir='ltr'>quoniam</span> <span class='ocrx_word' id='word_1_285' title='bbox 834 3530 877 3594; x_wconf 90' lang='lat' dir='ltr'>ud</span> <span class='ocrx_word' id='word_1_286' title='bbox 900 3550 1068 3594; x_wconf 87' lang='lat' dir='ltr'>summum</span> <span class='ocrx_word' id='word_1_287' title='bbox 1090 3528 1261 3594; x_wconf 84' lang='lat' dir='ltr'>succedere</span> <span class='ocrx_word' id='word_1_288' title='bbox 1285 3528 1439 3593; x_wconf 83' lang='lat' dir='ltr'>honorem</span> 
     </span>
     <span class='ocr_line' id='line_1_36' title="bbox 421 3616 1077 3700; baseline -0.003 -16"><span class='ocrx_word' id='word_1_289' title='bbox 421 3623 582 3684; x_wconf 88' lang='lat' dir='ltr'>certantes</span> <span class='ocrx_word' id='word_1_290' title='bbox 605 3616 668 3682; x_wconf 87' lang='lat' dir='ltr'>iter</span> <span class='ocrx_word' id='word_1_291' title='bbox 691 3617 850 3700; x_wconf 80' lang='lat' dir='ltr'>infestum</span> <span class='ocrx_word' id='word_1_292' title='bbox 871 3618 977 3700; x_wconf 79' lang='lat' dir='ltr'>fecere</span> <span class='ocrx_word' id='word_1_293' title='bbox 1000 3617 1077 3700; x_wconf 82' lang='lat' dir='ltr'>aiat,</span> 
     </span>
    </p>

    <p class='ocr_par' dir='ltr' id='par_1_9' title="bbox 363 3705 1346 3879">
     <span class='ocr_line' id='line_1_37' title="bbox 363 3705 1284 3791; baseline -0.004 -17"><span class='ocrx_word' id='word_1_294' title='bbox 363 3779 365 3784; x_wconf 68' lang='lat'>,</span> <span class='ocrx_word' id='word_1_295' title='bbox 421 3714 452 3773; x_wconf 91' lang='lat' dir='ltr'>et</span> <span class='ocrx_word' id='word_1_296' title='bbox 475 3713 586 3773; x_wconf 89' lang='lat' dir='ltr'>tamen</span> <span class='ocrx_word' id='word_1_297' title='bbox 608 3728 625 3771; x_wconf 90' lang='lat' dir='ltr'>e</span> <span class='ocrx_word' id='word_1_298' title='bbox 648 3727 786 3791; x_wconf 88' lang='lat' dir='ltr'>summo,</span> <span class='ocrx_word' id='word_1_299' title='bbox 811 3707 908 3789; x_wconf 81' lang='lat' dir='ltr'>quasi</span> <span class='ocrx_word' id='word_1_300' title='bbox 929 3707 1059 3789; x_wconf 82' lang='lat' dir='ltr'>fulmen</span> <span class='ocrx_word' id='word_1_301' title='bbox 1082 3705 1181 3771; x_wconf 83' lang='lat' dir='ltr'>deicit</span> <span class='ocrx_word' id='word_1_302' title='bbox 1204 3705 1284 3771; x_wconf 87' lang='lat' dir='ltr'>ictos</span> 
     </span>
     <span class='ocr_line' id='line_1_38' title="bbox 420 3795 1346 3879; baseline -0.003 -18"><span class='ocrx_word' id='word_1_303' title='bbox 420 3796 549 3862; x_wconf 86' lang='lat' dir='ltr'>invidia</span> <span class='ocrx_word' id='word_1_304' title='bbox 571 3796 740 3861; x_wconf 86' lang='lat' dir='ltr'>interdum</span> <span class='ocrx_word' id='word_1_305' title='bbox 764 3795 972 3879; x_wconf 85' lang='lat' dir='ltr'>contemptim</span> <span class='ocrx_word' id='word_1_306' title='bbox 995 3795 1031 3860; x_wconf 91' lang='lat' dir='ltr'>in</span> <span class='ocrx_word' id='word_1_307' title='bbox 1054 3796 1200 3860; x_wconf 82' lang='lat' dir='ltr'>Tartara</span> <span class='ocrx_word' id='word_1_308' title='bbox 1223 3800 1346 3876; x_wconf 73' lang='lat' dir='ltr'>taetra·</span> 
     </span>
    </p>
   </div>
   <div class='ocr_carea' id='block_1_7' title="bbox 292 4044 1575 4615">
    <p class='ocr_par' dir='ltr' id='par_1_10' title="bbox 292 4044 1575 4547">
     <span class='ocr_line' id='line_1_39' title="bbox 401 4044 1574 4115; baseline -0.003 -14"><span class='ocrx_word' id='word_1_309' title='bbox 401 4047 427 4115; x_wconf 84' lang='lat'>1)</span> <span class='ocrx_word' id='word_1_310' title='bbox 442 4049 590 4102; x_wconf 78' lang='grc'><strong>114-181.</strong></span> <span class='ocrx_word' id='word_1_311' title='bbox 659 4047 688 4112; x_wconf 79' lang='lat'>2)</span> <span class='ocrx_word' id='word_1_312' title='bbox 701 4047 823 4102; x_wconf 79' lang='lat'>56—107</span> <span class='ocrx_word' id='word_1_313' title='bbox 843 4046 942 4112; x_wconf 86' lang='lat' dir='ltr'>(Arist.</span> <span class='ocrx_word' id='word_1_314' title='bbox 962 4045 1027 4101; x_wconf 89' lang='lat' dir='ltr'>Eth.</span> <span class='ocrx_word' id='word_1_315' title='bbox 1047 4045 1080 4100; x_wconf 94' lang='lat' dir='ltr'>N.</span> <span class='ocrx_word' id='word_1_316' title='bbox 1095 4044 1167 4101; x_wconf 82' lang='lat' dir='ltr'>thl.</span> <span class='ocrx_word' id='word_1_317' title='bbox 1187 4048 1212 4101; x_wconf 89' lang='lat'>8.</span> <span class='ocrx_word' id='word_1_318' title='bbox 1220 4045 1251 4111; x_wconf 83' lang='lat' dir='ltr'>a.)</span> <span class='ocrx_word' id='word_1_319' title='bbox 1315 4044 1415 4110; x_wconf 78' lang='lat' dir='ltr'>3)9⁸s.</span> <span class='ocrx_word' id='word_1_320' title='bbox 1432 4045 1574 4098; x_wconf 67' lang='lat'>114—132</span> 
     </span>
     <span class='ocr_line' id='line_1_40' title="bbox 292 4113 1572 4200; baseline -0.006 -24"><span class='ocrx_word' id='word_1_321' title='bbox 292 4120 433 4188; x_wconf 82' lang='lat' dir='ltr'>(Antisth.</span> <span class='ocrx_word' id='word_1_322' title='bbox 447 4117 488 4174; x_wconf 87' lang='lat' dir='ltr'>St.</span> <span class='ocrx_word' id='word_1_323' title='bbox 502 4117 554 4173; x_wconf 89' lang='lat' dir='ltr'>ecl.</span> <span class='ocrx_word' id='word_1_324' title='bbox 568 4118 594 4173; x_wconf 91' lang='grc' dir='ltr'>ΙΙ</span> <span class='ocrx_word' id='word_1_325' title='bbox 609 4119 703 4184; x_wconf 77' lang='grc'><strong>3176).</strong></span> <span class='ocrx_word' id='word_1_326' title='bbox 792 4118 820 4200; x_wconf 81' lang='lat'>4)</span> <span class='ocrx_word' id='word_1_327' title='bbox 840 4117 875 4173; x_wconf 87' lang='lat' dir='ltr'>cf.</span> <span class='ocrx_word' id='word_1_328' title='bbox 891 4121 923 4172; x_wconf 88' lang='grc'>10</span> <span class='ocrx_word' id='word_1_329' title='bbox 933 4139 966 4175; x_wconf 79' lang='lat' dir='ltr'>su.</span> <span class='ocrx_word' id='word_1_330' title='bbox 980 4117 1133 4186; x_wconf 83' lang='lat' dir='ltr'>AGynicis</span> <span class='ocrx_word' id='word_1_331' title='bbox 1142 4117 1270 4173; x_wconf 83' lang='lat' dir='ltr'>maxime</span> <span class='ocrx_word' id='word_1_332' title='bbox 1282 4117 1460 4172; x_wconf 85' lang='lat' dir='ltr'>athletarum</span> <span class='ocrx_word' id='word_1_333' title='bbox 1472 4113 1572 4169; x_wconf 88' lang='lat' dir='ltr'>studia</span> 
     </span>
     <span class='ocr_line' id='line_1_41' title="bbox 292 4185 1575 4331; baseline -0.004 -14"><span class='ocrx_word' id='word_1_334' title='bbox 292 4188 1283 4331; x_wconf 44' lang='lat' dir='ltr'>mecaenatthattthttnttattaminat</span> <span class='ocrx_word' id='word_1_335' title='bbox 1297 4185 1575 4326; x_wconf 61' lang='lat' dir='ltr'>teatinae</span> 
     </span>
     <span class='ocr_line' id='line_1_42' title="bbox 294 4329 1574 4404; baseline -0.006 -13"><span class='ocrx_word' id='word_1_336' title='bbox 294 4333 473 4404; x_wconf 78' lang='lat' dir='ltr'>Chrysippus</span> <span class='ocrx_word' id='word_1_337' title='bbox 487 4332 566 4402; x_wconf 87' lang='lat' dir='ltr'>apud</span> <span class='ocrx_word' id='word_1_338' title='bbox 579 4330 719 4387; x_wconf 87' lang='lat' dir='ltr'>Senecam</span> <span class='ocrx_word' id='word_1_339' title='bbox 732 4334 778 4399; x_wconf 90' lang='lat' dir='ltr'>(tr.</span> <span class='ocrx_word' id='word_1_340' title='bbox 790 4331 916 4398; x_wconf 86' lang='lat' dir='ltr'>an.1.1a)</span> <span class='ocrx_word' id='word_1_341' title='bbox 929 4333 1055 4400; x_wconf 88' lang='lat' dir='ltr'>probant</span> <span class='ocrx_word' id='word_1_342' title='bbox 1069 4373 1074 4383; x_wconf 95' lang='lat'><strong>.</strong></span> <span class='ocrx_word' id='word_1_343' title='bbox 1088 4373 1094 4386; x_wconf 92' lang='lat'>.</span> <span class='ocrx_word' id='word_1_344' title='bbox 1109 4374 1116 4387; x_wconf 92' lang='lat'><em>.</em></span> <span class='ocrx_word' id='word_1_345' title='bbox 1130 4374 1136 4387; x_wconf 92' lang='lat'>.</span> <span class='ocrx_word' id='word_1_346' title='bbox 1149 4348 1243 4400; x_wconf 77' lang='lat' dir='ltr'>sequor</span> <span class='ocrx_word' id='word_1_347' title='bbox 1251 4332 1394 4399; x_wconf 76' lang='lat' dir='ltr'>Zenonem</span> <span class='ocrx_word' id='word_1_348' title='bbox 1408 4329 1574 4395; x_wconf 72' lang='lat' dir='ltr'>ouantium,</span> 
     </span>
     <span class='ocr_line' id='line_1_43' title="bbox 295 4399 1570 4474; baseline -0.003 -14"><span class='ocrx_word' id='word_1_349' title='bbox 295 4406 483 4474; x_wconf 77' lang='lat' dir='ltr'>Chrysippum,</span> <span class='ocrx_word' id='word_1_350' title='bbox 502 4421 615 4474; x_wconf 67' lang='lat' dir='ltr'>morum</span> <span class='ocrx_word' id='word_1_351' title='bbox 634 4410 723 4458; x_wconf 76' lang='lat' dir='ltr'>minen</span> <span class='ocrx_word' id='word_1_352' title='bbox 740 4421 818 4459; x_wconf 90' lang='lat' dir='ltr'>nemo</span> <span class='ocrx_word' id='word_1_353' title='bbox 835 4403 871 4457; x_wconf 87' lang='lat' dir='ltr'>cd</span> <span class='ocrx_word' id='word_1_354' title='bbox 888 4421 945 4457; x_wconf 86' lang='lat' dir='ltr'>rem</span> <span class='ocrx_word' id='word_1_355' title='bbox 959 4405 1096 4472; x_wconf 72' lang='lat' dir='ltr'>pertinum</span> <span class='ocrx_word' id='word_1_356' title='bbox 1114 4403 1221 4458; x_wconf 71' lang='lat' dir='ltr'>emunt</span> <span class='ocrx_word' id='word_1_357' title='bbox 1237 4407 1265 4456; x_wconf 89' lang='lat' dir='ltr'>et</span> <span class='ocrx_word' id='word_1_358' title='bbox 1281 4420 1358 4457; x_wconf 88' lang='lat' dir='ltr'>nemo</span> <span class='ocrx_word' id='word_1_359' title='bbox 1369 4419 1423 4457; x_wconf 90' lang='lat' dir='ltr'>non</span> <span class='ocrx_word' id='word_1_360' title='bbox 1435 4399 1517 4456; x_wconf 74' lang='lat' dir='ltr'>misit,</span> <span class='ocrx_word' id='word_1_361' title='bbox 1537 4429 1570 4438; x_wconf 93' lang='lat'><em>-</em></span> 
     </span>
     <span class='ocr_line' id='line_1_44' title="bbox 292 4471 1306 4547; baseline -0.006 -15"><span class='ocrx_word' id='word_1_362' title='bbox 292 4473 386 4547; x_wconf 84' lang='lat' dir='ltr'>Epict.</span> <span class='ocrx_word' id='word_1_363' title='bbox 401 4477 449 4532; x_wconf 89' lang='lat' dir='ltr'>lV.</span> <span class='ocrx_word' id='word_1_364' title='bbox 469 4481 530 4531; x_wconf 66' lang='lat' dir='ltr'>aar</span> <span class='ocrx_word' id='word_1_365' title='bbox 549 4475 599 4531; x_wconf 83' lang='grc' dir='ltr'><strong>ΙΙΙ.</strong></span> <span class='ocrx_word' id='word_1_366' title='bbox 613 4477 700 4528; x_wconf 65' lang='lat'><strong>2227.</strong></span> <span class='ocrx_word' id='word_1_367' title='bbox 808 4478 836 4540; x_wconf 76' lang='lat'>7)</span> <span class='ocrx_word' id='word_1_368' title='bbox 856 4474 892 4529; x_wconf 87' lang='lat' dir='ltr'>cf.</span> <span class='ocrx_word' id='word_1_369' title='bbox 912 4472 980 4530; x_wconf 85' lang='lat' dir='ltr'>Juv.</span> <span class='ocrx_word' id='word_1_370' title='bbox 998 4491 1026 4530; x_wconf 86' lang='lat' dir='ltr'>v.</span> <span class='ocrx_word' id='word_1_371' title='bbox 1043 4478 1104 4544; x_wconf 93' lang='lat' dir='ltr'>lll;</span> <span class='ocrx_word' id='word_1_372' title='bbox 1124 4471 1189 4543; x_wconf 81' lang='lat' dir='ltr'>[Ph]</span> <span class='ocrx_word' id='word_1_373' title='bbox 1213 4475 1260 4527; x_wconf 86' lang='grc'>141</span> <span class='ocrx_word' id='word_1_374' title='bbox 1273 4473 1306 4528; x_wconf 86' lang='grc' dir='ltr'>Α.</span> 
     </span>
    </p>

    <p class='ocr_par' dir='ltr' id='par_1_11' title="bbox 401 4545 925 4615">
     <span class='ocr_line' id='line_1_45' title="bbox 401 4545 925 4615; baseline -0.008 -11"><span class='ocrx_word' id='word_1_375' title='bbox 401 4548 429 4615; x_wconf 85' lang='grc'>8)</span> <span class='ocrx_word' id='word_1_376' title='bbox 450 4550 484 4604; x_wconf 84' lang='lat' dir='ltr'>ct.</span> <span class='ocrx_word' id='word_1_377' title='bbox 505 4545 588 4603; x_wconf 91' lang='lat' dir='ltr'>Philo</span> <span class='ocrx_word' id='word_1_378' title='bbox 608 4547 646 4601; x_wconf 86' lang='lat' dir='ltr'>de</span> <span class='ocrx_word' id='word_1_379' title='bbox 666 4545 731 4601; x_wconf 82' lang='lat' dir='ltr'>Abr.</span> <span class='ocrx_word' id='word_1_380' title='bbox 745 4547 788 4602; x_wconf 81' lang='lat'>45.</span> <span class='ocrx_word' id='word_1_381' title='bbox 808 4545 854 4612; x_wconf 84' lang='grc' dir='ltr'>(ΙΙ.</span> <span class='ocrx_word' id='word_1_382' title='bbox 869 4546 925 4611; x_wconf 82' lang='grc'>38.)</span> 
     </span>
    </p>
   </div>
   <div class='ocr_carea' id='block_1_8' title="bbox 0 0 1766 5302">
    <p class='ocr_par' dir='ltr' id='par_1_12' title="bbox 0 0 1766 5302">
     <span class='ocr_line' id='line_1_46' title="bbox 0 0 1766 5302; baseline 0 0"><span class='ocrx_word' id='word_1_383' title='bbox 0 0 1766 5302; x_wconf 95' lang='lat' dir='ltr'> </span> 
     </span>
    </p>
   </div>
  </div>
 </body>
</html>
