3512 5324
857 287 1059 351 „44-

317 498 362 582 μὴ
387 498 547 562 κτείνουσί
565 519 600 561 τε
622 502 657 561 τὸ
679 500 716 562 ἐκ
733 500 881 585 προνοίας
901 501 1017 583 datrae
1040 500 1195 585 φυόμενον
1218 509 1279 565 τῶν
1305 501 1487 586 ἀνθρώπων
1511 503 1606 586 γένος

317 587 526 672 κακοτέχνοις
558 599 731 672 μηχαναῖς·
766 591 860 652 αὗται
893 592 955 674 γὰρ
991 589 1138 675 πορνείας
1173 591 1224 653 ἐπί
1259 590 1443 675 καλύμματι
1477 598 1541 668 τοῖς
1568 593 1603 668 ἐς

317 675 460 759 παντελῆ
489 685 684 741 κατασπῶσι
707 677 832 762 φθορὰν
856 678 1001 762 φθορίοις
1029 679 1251 764 συγχρώμεναι
1280 681 1461 765 φαρμάκοις
1488 681 1603 758 ἐξανα-

318 765 484 830 λίσκουσιν
510 768 576 850 ἅμα
599 774 643 850 τῷ
667 765 791 851 ἐμβρίκμ
815 767 874 850 τὴν
898 767 1152 852 φιλανθρωπίαν.
1162 768 1187 848 ¹)

425 871 576 936 Mulieres
611 873 760 936 maritis
794 874 968 938 molestis
1003 876 1072 939 sine
1111 875 1175 938 ulla
1215 874 1413 938 dubitatione
1452 897 1605 939 venena

316 982 456 1044 parare
473 961 597 1025 Seneca
617 961 695 1025 dicit
715 962 752 1026 fr.
772 965 824 1036 52,
847 984 896 1048 ep.
916 965 989 1027 119.
1002 982 1027 1033 6.
1068 963 1160 1028 Idem
1180 965 1327 1048 exempla
1348 961 1604 1048 Clytaemestrae

319 1059 351 1114 et
373 1049 547 1136 Eriphylae
571 1051 674 1115 affert.
696 1051 734 1115 fr.
754 1053 810 1115 66:
832 1049 922 1129 Qaid
942 1050 1086 1131 referam
1102 1048 1305 1132 Pasiphaen,
1329 1048 1604 1134 Clytaemestram

316 1142 349 1200 et
375 1136 586 1221 Eriphylam,
617 1158 761 1219 quaram
790 1191 796 1204 .
824 1193 830 1205 .
857 1192 864 1204 .
892 1189 898 1202 .
933 1139 1039 1204 altera
1071 1138 1223 1204 occidisse
1251 1139 1362 1203 airam
1391 1140 1427 1205 ab
1457 1161 1603 1205 antor-em

319 1225 474 1307 adulteri,
493 1225 591 1291 tertia
603 1227 793 1308 prodidisse
810 1227 1056 1310 Amphiaraum
1072 1233 1103 1292 et
1118 1227 1222 1293 satuti
1241 1227 1307 1292 ciri
1322 1229 1442 1292 promte
1461 1251 1604 1293 auream

313 1315 517 1396 praetulisse
542 1318 581 1382 cf.
606 1319 680 1382 duv.
707 1321 782 1385 655.

498 1438 682 1504 Occurrent
704 1441 829 1505 mattae
854 1441 913 1506 tibi
936 1441 1072 1506 Belides
1096 1445 1191 1522 atque
1215 1440 1399 1525 Eriphylae

494 1550 611 1610 mam·
637 1529 909 1612 Clytaemestram
932 1531 1048 1594 pallas
1071 1552 1138 1595 aaa
1160 1530 1253 1596 aicae
1277 1531 1413 1596 babebit.

318 1654 473 1726 Quamvis
497 1678 536 1720 ex
559 1658 672 1742 priscis
697 1658 893 1742 temporibus
918 1660 1064 1723 homines
1088 1680 1300 1723 novercarum
1324 1659 1398 1723 odia
1425 1660 1457 1722 in
1482 1658 1602 1724 liberos

318 1745 424 1808 mariti
452 1748 687 1831 reprehendere
716 1748 800 1811 soliti
828 1750 901 1827 sint,
932 1755 1039 1812 tamen
1069 1748 1251 1834 philosophi
1274 1750 1446 1834 populares
1475 1750 1514 1812 de
1540 1749 1602 1813 hoc

318 1841 450 1917 peccato
474 1857 578 1919 pauca
601 1838 701 1900 verba
723 1837 839 1902 fecisse
861 1839 1021 1902 ridentur.
1070 1838 1194 1902 Seneca
1218 1838 1325 1902 Ovidii
1354 1839 1461 1903 locum
1491 1838 1602 1902 laudat

288 1942 294 1951 ·
318 1924 347 1985 d.
371 1923 407 1987 ir.
432 1922 473 1987 ΙΙ.
496 1928 526 1988 9.
538 1943 564 1999 ν,
588 1927 642 1990 ubi
668 1926 780 1990 talium
803 1927 983 1992 facinorum
1007 1928 1127 1992 mentio
1151 1928 1196 1990 fit.
1234 1927 1361 1992 Liberis
1387 1928 1601 2011 nequissimas

317 2013 464 2077 homines
484 2014 565 2078 lucri
587 2037 684 2080 eausa
700 2017 846 2080 insidiari
861 2018 1052 2101 plerumque
1073 2018 1105 2080 in
1127 2017 1283 2099 diatribis,
1305 2017 1338 2081 in
1360 2017 1476 2101 quibus
1494 2017 1602 2100 agitur

317 2103 357 2164 dc
381 2104 528 2183 avaritia,
552 2104 734 2189 legimusfl)

407 2208 499 2280 Quod
524 2211 692 2276 luvenalis
720 2213 752 2277 id
781 2214 920 2276 maxime
948 2213 1077 2277 feminis
1105 2212 1212 2292 obicit,
1242 2213 1450 2294 demonstrat,
1480 2219 1600 2296 quanto

317 2297 390 2361 odio
413 2299 447 2363 in
470 2321 525 2364 eas
548 2302 766 2366 inflammatus
790 2303 840 2366 sit.
885 2302 959 2366 Alia
982 2324 1110 2387 quoque
1133 2305 1211 2367 vitia
1235 2301 1401 2387 profem),
1427 2323 1509 2386 quae
1534 2308 1600 2365 tam

317 2409 392 2450 rara
420 2397 522 2470 erant,
550 2398 585 2455 ut
612 2392 652 2455 ab
682 2392 753 2456 aliis
781 2393 876 2477 plane
903 2393 1162 2477 neglegerentur.
1209 2391 1276 2456 Nec
1304 2392 1438 2455 dubium
1462 2391 1599 2471 videtur,

318 2477 396 2559 quin
420 2478 472 2542 hic
497 2502 574 2544 suae
598 2481 810 2565 indignationi
835 2503 1039 2566 summopere
1066 2482 1243 2546 indulserit.
1291 2480 1396 2552 Quam
1419 2482 1600 2564 impudicas

317 2566 469 2632 mulieres
503 2571 535 2633 in
572 2570 696 2635 theatro
729 2593 763 2635 se
795 2573 997 2656 praeberent,
1031 2572 1099 2635 sine
1133 2571 1229 2635 dubio
1262 2569 1331 2654 ipse
1364 2571 1504 2634 ridebat.
1551 2570 1600 2634 Ac

318 2657 419 2721 multa
443 2657 507 2722 alia
530 2662 716 2744 conspicere
740 2669 771 2724 et
792 2662 904 2725 audire
922 2667 1061 2746 poterat3
1087 2662 1200 2745 ingens
1221 2667 1270 2724 est
1287 2660 1392 2724 famae
1413 2661 1476 2738 vis3
1499 2661 1600 2722 multa

318 2747 415 2811 etiam
444 2769 552 2812 rerum
581 2752 752 2835 scriptores
780 2752 955 2815 memoriae
983 2749 1208 2835 prodebant.4)
1263 2750 1377 2828 Itaque
1407 2771 1531 2827 vereor,
1566 2757 1600 2812 ut

319 2843 406 2900 certo
430 2838 559 2920 probari
584 2841 684 2923 possit
706 2846 852 2904 nostrum
877 2840 1041 2925 exemplar
1063 2841 1225 2925 quoddam
1249 2839 1377 2903 imitari.

407 2943 567 3015 Quoniam
600 2954 707 3012 autern
739 2949 948 3031 cognovimus
976 2955 1008 3012 et
1034 2948 1067 3011 in
1091 2949 1192 3028 libris,
1223 2946 1396 3030 inquibus
1425 2946 1465 3009 de
1489 2947 1599 3010 matri·

318 3033 426 3097 monio
444 3035 559 3116 agitur,
577 3037 654 3100 etin
670 3038 742 3101 aliis
757 3036 1023 3122 philosophorum
1039 3035 1318 3101 dissertationibus
1333 3037 1412 3099 vitia
1429 3037 1599 3099 mulierum

318 3121 432 3186 eodem
467 3122 536 3187 fere
571 3127 666 3189 modo
696 3128 856 3211 castigari,
892 3127 973 3191 nibil
1002 3133 1059 3205 est,
1096 3127 1182 3211 quod
1210 3124 1404 3190 Juvenalem
1435 3136 1598 3189 auctorem

318 3211 479 3295 quendam
503 3219 652 3278 secutum
676 3237 746 3279 esse
770 3237 936 3299 negemus,
961 3237 1056 3300 quem
1081 3217 1238 3280 Senecam
1262 3215 1360 3279 fuisse
1390 3251 1430 3259 —
1456 3214 1488 3277 id
1512 3215 1599 3299 quod

317 3299 409 3364 Felix
443 3301 534 3366 Book
569 3299 784 3388 suspicaturl)
820 3342 862 3350 —
897 3307 952 3370 vix
986 3306 1158 3390 disceptari
1188 3311 1301 3390 potest.
1349 3303 1450 3368 Recte
1485 3303 1599 3367 Fried-

317 3389 451 3455 laender
471 3392 611 3472 monet⁶)
634 3401 807 3458 concentus
827 3396 908 3459 tales
929 3417 1009 3476 esse,
1030 3395 1142 3480 quales
1157 3395 1228 3478 ipsa
1249 3395 1385 3458 materia
1405 3393 1597 3457 efficiantur.

317 3477 430 3564 Neque
465 3483 551 3546 enim
583 3483 663 3547 nulli
697 3492 770 3549 sunt
800 3484 862 3549 loci
891 3506 1077 3549 communes
1106 3492 1141 3548 ut
1169 3505 1220 3547 νν.
1251 3483 1304 3562 35,
1334 3484 1398 3547 268
1427 3505 1474 3567 sq.
1509 3482 1597 3564 (Sen-

317 3568 356 3631 fr.
382 3569 455 3651 49);
488 3594 518 3635 ν.
554 3574 613 3636 178
649 3571 739 3655 (Sen.
773 3573 813 3636 fr.
844 3575 908 3655 51).
967 3575 1122 3659 Eriphyla
1156 3579 1265 3637 autem
1300 3579 1331 3635 et
1366 3570 1599 3657 Clytaemestra

318 3656 364 3738 (v.
383 3658 463 3739 655)
488 3662 698 3726 celeberrima
713 3665 887 3748 coniugum
910 3665 1106 3748 perfidarum
1131 3663 1278 3747 exempla
1294 3667 1378 3740 sunt,
1396 3683 1479 3746 quae
1506 3663 1598 3745 pueri

317 3749 350 3810 in
375 3748 492 3813 scholis
525 3752 700 3816 discebant.
747 3752 891 3834 Accedit,
921 3761 956 3818 ut
978 3752 1070 3817 Bock
1103 3752 1283 3836 complures
1306 3752 1394 3816 locos
1419 3751 1596 3828 contulerit,

318 3836 373 3920 qui
406 3859 519 3922 parum
553 3843 637 3906 inter
670 3863 703 3907 se
732 3843 929 3928 respondent
956 3849 991 3906 ut
1018 3843 1093 3906 Juv.
1122 3864 1172 3905 vv.
1199 3842 1274 3920 351,
1299 3840 1374 3919 353,
1400 3841 1463 3904 366
1488 3863 1534 3924 sq.
1567 3850 1599 3904 et

318 3926 394 3990 Sen.
405 3927 443 3991 fr.
459 3932 510 3994 51.
540 3931 803 4016 Haudquaquam
816 3955 836 3997 a
848 3941 956 3997 nostro
967 3933 1084 3996 dieitur
1107 3953 1126 3995 a
1140 3931 1253 3994 marito
1267 3931 1368 3994 servis
1378 3931 1486 3994 uxoris
1496 3930 1597 3993 ullum

318 4080 530 4091 ᾖ

427 4181 454 4246 l)
474 4179 518 4236 Ps.
538 4180 625 4236 Phoc.
647 4185 696 4236 184
716 4182 751 4237 ct.
771 4180 838 4236 Min.
863 4179 921 4236 Fel.
944 4182 1009 4235 30.2
1033 4180 1143 4250 apocal.
1163 4179 1242 4234 Petri
1266 4195 1292 4248 p.
1307 4183 1363 4234 aaa
1381 4192 1426 4247 ap.
1449 4177 1597 4233 Dietertclr

318 4250 440 4319 chyia.
455 4282 488 4289 —
508 4253 544 4308 cf.
564 4251 730 4320 Pracchter,
750 4252 827 4307 Hier.
846 4268 873 4322 p.
887 4256 934 4320 863
955 4252 1126 4318 Wendland‚
1144 4251 1196 4307 Ph.
1217 4252 1271 4306 etc.
1290 4252 1370 4320 par.

425 4327 452 4386 2)
473 4323 509 4379 cf.
528 4338 593 4393 pag.
616 4326 647 4378 19
663 4339 705 4393 sq.
814 4323 842 4390 3)
863 4323 899 4379 cf.
920 4326 1068 4379 242-267.
1439 4390 1445 4400 ·

425 4398 452 4463 4)
474 4396 516 4451 De
529 4396 650 4460 ratione,
665 4411 739 4463 qnae
753 4396 889 4451 Juvenali
903 4411 970 4451 curn
988 4411 1085 4450 rerum
1099 4393 1291 4463 scriptoribus
1304 4389 1468 4456 intercedit,
1488 4389 1598 4444 Geretae

317 4468 380 4537 egit
399 4465 644 4523 Seneca-Studien
668 4469 715 4520 187
736 4469 814 4532 (ann.
834 4468 905 4535 phil.
926 4468 1019 4536 suppl.
1040 4469 1094 4531 22).

425 4542 456 4604 5)
477 4538 558 4594 Stud.
580 4539 654 4607 lips.
675 4537 738 4592 xlx
759 4539 850 4604 (reem
870 4555 896 4608 p.
916 4543 960 4592 44.
1068 4539 1095 4602 6)
1115 4553 1142 4606 p.
1162 4538 1222 4590 281.
